"step","bid","ask","mid","spread","scenario","timestamp"
0,0,0,0,0,"flash_crash",1768680090.786045
1,999.8,1000.2,1000,0.40000000000009095,"flash_crash",1768680090.7888849
2,999.9,1000.1,1000,0.20000000000004547,"flash_crash",1768680090.793072
3,1000,1000.1,1000.05,0.10000000000002274,"flash_crash",1768680090.7967365
4,999.9,1000.2,1000.05,0.3000000000000682,"flash_crash",1768680090.8043125
5,1000,1000.2,1000.1,0.20000000000004547,"flash_crash",1768680090.807719
6,1000,1000.2,1000.1,0.20000000000004547,"flash_crash",1768680090.8108962
7,1000,1000.2,1000.1,0.20000000000004547,"flash_crash",1768680090.8145576
8,1000,1000.5,1000.25,0.5,"flash_crash",1768680090.8194091
9,1000.2,1000.5,1000.35,0.2999999999999545,"flash_crash",1768680090.8233361
10,1000.2,1000.6,1000.4000000000001,0.39999999999997726,"flash_crash",1768680090.8280525
11,1000.2,1000.6,1000.4000000000001,0.39999999999997726,"flash_crash",1768680090.831571
12,1000.3,1000.5,1000.4,0.20000000000004547,"flash_crash",1768680090.834616
13,1000.2,1000.6,1000.4000000000001,0.39999999999997726,"flash_crash",1768680090.838702
14,1000.3,1000.4,1000.3499999999999,0.10000000000002274,"flash_crash",1768680090.8428998
15,1000.3,1000.4,1000.3499999999999,0.10000000000002274,"flash_crash",1768680090.846764
16,1000.2,1000.4,1000.3,0.1999999999999318,"flash_crash",1768680090.8516502
17,1000.3,1000.4,1000.3499999999999,0.10000000000002274,"flash_crash",1768680090.85491
18,1000.2,1000.4,1000.3,0.1999999999999318,"flash_crash",1768680090.859248
19,1000.2,1000.4,1000.3,0.1999999999999318,"flash_crash",1768680090.863756
20,1000.2,1000.4,1000.3,0.1999999999999318,"flash_crash",1768680090.8682811
21,999.9,1000.4,1000.15,0.5,"flash_crash",1768680090.871451
22,1000,1000.2,1000.1,0.20000000000004547,"flash_crash",1768680090.8749087
23,1000,1000.2,1000.1,0.20000000000004547,"flash_crash",1768680090.8782108
24,999.9,1000.1,1000,0.20000000000004547,"flash_crash",1768680090.8812466
25,999.9,1000.1,1000,0.20000000000004547,"flash_crash",1768680090.8864887
26,999.9,1000.1,1000,0.20000000000004547,"flash_crash",1768680090.8897245
27,999.5,1000.1,999.8,0.6000000000000227,"flash_crash",1768680090.8945513
28,999.7,999.8,999.75,0.09999999999990905,"flash_crash",1768680090.899877
29,999.5,999.8,999.65,0.2999999999999545,"flash_crash",1768680090.9064102
30,999.5,999.8,999.65,0.2999999999999545,"flash_crash",1768680090.9116004
31,999.6,999.8,999.7,0.1999999999999318,"flash_crash",1768680090.9198809
32,999.6,999.8,999.7,0.1999999999999318,"flash_crash",1768680090.9235423
33,999.6,999.8,999.7,0.1999999999999318,"flash_crash",1768680090.9278252
34,999.6,999.8,999.7,0.1999999999999318,"flash_crash",1768680090.932047
35,999.6,999.8,999.7,0.1999999999999318,"flash_crash",1768680090.935345
36,999.6,999.8,999.7,0.1999999999999318,"flash_crash",1768680090.9395683
37,999.6,999.7,999.6500000000001,0.10000000000002274,"flash_crash",1768680090.9436958
38,999.6,999.7,999.6500000000001,0.10000000000002274,"flash_crash",1768680090.9489532
39,999.6,999.8,999.7,0.1999999999999318,"flash_crash",1768680090.9529831
40,999.6,999.7,999.6500000000001,0.10000000000002274,"flash_crash",1768680090.9583302
41,999.6,999.8,999.7,0.1999999999999318,"flash_crash",1768680090.9632998
42,999.6,1000,999.8,0.39999999999997726,"flash_crash",1768680090.9677036
43,999.6,1000.1,999.85,0.5,"flash_crash",1768680090.9725692
44,999.8,1000,999.9,0.20000000000004547,"flash_crash",1768680090.9769359
45,999.9,1000.1,1000,0.20000000000004547,"flash_crash",1768680090.9809473
46,999.8,1000.2,1000,0.40000000000009095,"flash_crash",1768680090.9841614
47,999.8,1000.2,1000,0.40000000000009095,"flash_crash",1768680090.9874341
48,999.9,1000.1,1000,0.20000000000004547,"flash_crash",1768680090.9904685
49,999.9,1000.1,1000,0.20000000000004547,"flash_crash",1768680090.9938967
50,999.9,1000.1,1000,0.20000000000004547,"flash_crash",1768680090.9973383
51,999.9,1000.1,1000,0.20000000000004547,"flash_crash",1768680091.0005443
52,999.8,1000.2,1000,0.40000000000009095,"flash_crash",1768680091.0049832
53,999.8,1000.2,1000,0.40000000000009095,"flash_crash",1768680091.0089443
54,1000,1000.1,1000.05,0.10000000000002274,"flash_crash",1768680091.0119731
55,1000,1000.2,1000.1,0.20000000000004547,"flash_crash",1768680091.0148647
56,1000.1,1000.2,1000.1500000000001,0.10000000000002274,"flash_crash",1768680091.0171738
57,1000.1,1000.3,1000.2,0.1999999999999318,"flash_crash",1768680091.019791
58,1000,1000.4,1000.2,0.39999999999997726,"flash_crash",1768680091.0221772
59,1000,1000.2,1000.1,0.20000000000004547,"flash_crash",1768680091.0260806
60,1000,1000.2,1000.1,0.20000000000004547,"flash_crash",1768680091.0297437
61,1000,1000.2,1000.1,0.20000000000004547,"flash_crash",1768680091.0352335
62,1000,1000.2,1000.1,0.20000000000004547,"flash_crash",1768680091.039155
63,1000,1000.2,1000.1,0.20000000000004547,"flash_crash",1768680091.041467
64,1000,1000.2,1000.1,0.20000000000004547,"flash_crash",1768680091.0453372
65,1000,1000.2,1000.1,0.20000000000004547,"flash_crash",1768680091.0499828
66,1000.1,1000.2,1000.1500000000001,0.10000000000002274,"flash_crash",1768680091.05775
67,1000.1,1000.2,1000.1500000000001,0.10000000000002274,"flash_crash",1768680091.0622764
68,1000.1,1000.2,1000.1500000000001,0.10000000000002274,"flash_crash",1768680091.06555
69,1000.1,1000.2,1000.1500000000001,0.10000000000002274,"flash_crash",1768680091.0689604
70,1000.1,1000.2,1000.1500000000001,0.10000000000002274,"flash_crash",1768680091.0729053
71,1000.1,1000.2,1000.1500000000001,0.10000000000002274,"flash_crash",1768680091.07751
72,1000,1000.2,1000.1,0.20000000000004547,"flash_crash",1768680091.0809426
73,1000.1,1000.2,1000.1500000000001,0.10000000000002274,"flash_crash",1768680091.085306
74,1000.1,1000.3,1000.2,0.1999999999999318,"flash_crash",1768680091.0884233
75,1000.1,1000.3,1000.2,0.1999999999999318,"flash_crash",1768680091.0919962
76,1000.1,1000.5,1000.3,0.39999999999997726,"flash_crash",1768680091.09635
77,1000.2,1000.4,1000.3,0.1999999999999318,"flash_crash",1768680091.0997808
78,1000.3,1000.4,1000.3499999999999,0.10000000000002274,"flash_crash",1768680091.1032019
79,1000.3,1000.6,1000.45,0.3000000000000682,"flash_crash",1768680091.1075811
80,1000.4,1000.6,1000.5,0.20000000000004547,"flash_crash",1768680091.1134622
81,1000.4,1000.6,1000.5,0.20000000000004547,"flash_crash",1768680091.1168392
82,1000.4,1000.6,1000.5,0.20000000000004547,"flash_crash",1768680091.1202128
83,1000.3,1000.7,1000.5,0.40000000000009095,"flash_crash",1768680091.1237335
84,999.8,1000.5,1000.15,0.7000000000000455,"flash_crash",1768680091.1267262
85,1000.1,1000.3,1000.2,0.1999999999999318,"flash_crash",1768680091.1299033
86,1000.1,1000.3,1000.2,0.1999999999999318,"flash_crash",1768680091.1334896
87,999.8,1000.6,1000.2,0.8000000000000682,"flash_crash",1768680091.1374376
88,1000,1000.4,1000.2,0.39999999999997726,"flash_crash",1768680091.1409044
89,1000.1,1000.3,1000.2,0.1999999999999318,"flash_crash",1768680091.1441643
90,1000,1000.4,1000.2,0.39999999999997726,"flash_crash",1768680091.1473377
91,1000,1000.4,1000.2,0.39999999999997726,"flash_crash",1768680091.150621
92,1000,1000.4,1000.2,0.39999999999997726,"flash_crash",1768680091.1537795
93,1000,1000.4,1000.2,0.39999999999997726,"flash_crash",1768680091.158147
94,1000,1000.4,1000.2,0.39999999999997726,"flash_crash",1768680091.1615229
95,1000,1000.4,1000.2,0.39999999999997726,"flash_crash",1768680091.16468
96,1000.1,1000.3,1000.2,0.1999999999999318,"flash_crash",1768680091.1680515
97,1000.1,1000.3,1000.2,0.1999999999999318,"flash_crash",1768680091.1722882
98,999.9,1000.5,1000.2,0.6000000000000227,"flash_crash",1768680091.1755755
99,1000,1000.4,1000.2,0.39999999999997726,"flash_crash",1768680091.1787748
100,1000.1,1000.2,1000.1500000000001,0.10000000000002274,"flash_crash",1768680091.182032
101,999.9,1000.4,1000.15,0.5,"flash_crash",1768680091.1852677
102,999.9,1000.2,1000.05,0.3000000000000682,"flash_crash",1768680091.1884818
103,1000,1000.2,1000.1,0.20000000000004547,"flash_crash",1768680091.192301
104,1000,1000.2,1000.1,0.20000000000004547,"flash_crash",1768680091.1956904
105,1000.1,1000.2,1000.1500000000001,0.10000000000002274,"flash_crash",1768680091.20075
106,1000.1,1000.2,1000.1500000000001,0.10000000000002274,"flash_crash",1768680091.2040184
107,1000.1,1000.2,1000.1500000000001,0.10000000000002274,"flash_crash",1768680091.209601
108,1000.1,1000.2,1000.1500000000001,0.10000000000002274,"flash_crash",1768680091.2137454
109,1000.1,1000.2,1000.1500000000001,0.10000000000002274,"flash_crash",1768680091.2177482
110,1000.1,1000.2,1000.1500000000001,0.10000000000002274,"flash_crash",1768680091.222292
111,1000.1,1000.2,1000.1500000000001,0.10000000000002274,"flash_crash",1768680091.225276
112,1000.1,1000.3,1000.2,0.1999999999999318,"flash_crash",1768680091.228548
113,1000.1,1000.4,1000.25,0.2999999999999545,"flash_crash",1768680091.2315545
114,1000.2,1000.4,1000.3,0.1999999999999318,"flash_crash",1768680091.234754
115,1000.2,1000.4,1000.3,0.1999999999999318,"flash_crash",1768680091.2392685
116,999.9,1000.7,1000.3,0.8000000000000682,"flash_crash",1768680091.2425096
117,1000,1000.6,1000.3,0.6000000000000227,"flash_crash",1768680091.2459257
118,1000.2,1000.3,1000.25,0.09999999999990905,"flash_crash",1768680091.2502103
119,1000.2,1000.3,1000.25,0.09999999999990905,"flash_crash",1768680091.253283
120,1000.2,1000.4,1000.3,0.1999999999999318,"flash_crash",1768680091.257341
121,1000.2,1000.3,1000.25,0.09999999999990905,"flash_crash",1768680091.2611156
122,1000.2,1000.8,1000.5,0.599999999999909,"flash_crash",1768680091.2645037
123,1000.4,1000.6,1000.5,0.20000000000004547,"flash_crash",1768680091.2676656
124,1000.5,1000.8,1000.65,0.2999999999999545,"flash_crash",1768680091.2710109
125,1000.6,1000.8,1000.7,0.1999999999999318,"flash_crash",1768680091.2741077
126,1000.6,1000.8,1000.7,0.1999999999999318,"flash_crash",1768680091.2779086
127,1000.6,1000.8,1000.7,0.1999999999999318,"flash_crash",1768680091.2809672
128,1000.6,1000.8,1000.7,0.1999999999999318,"flash_crash",1768680091.2845676
129,1000.6,1000.8,1000.7,0.1999999999999318,"flash_crash",1768680091.2875383
130,1000.6,1000.8,1000.7,0.1999999999999318,"flash_crash",1768680091.2908564
131,1000.3,1001.1,1000.7,0.8000000000000682,"flash_crash",1768680091.293712
132,1000.4,1001,1000.7,0.6000000000000227,"flash_crash",1768680091.297006
133,1000.6,1000.8,1000.7,0.1999999999999318,"flash_crash",1768680091.3002877
134,1000.7,1000.8,1000.75,0.09999999999990905,"flash_crash",1768680091.3034215
135,1000.5,1000.9,1000.7,0.39999999999997726,"flash_crash",1768680091.3067992
136,1000.5,1000.9,1000.7,0.39999999999997726,"flash_crash",1768680091.3098447
137,1000.5,1000.9,1000.7,0.39999999999997726,"flash_crash",1768680091.314367
138,1000.5,1000.9,1000.7,0.39999999999997726,"flash_crash",1768680091.3178875
139,1000.7,1000.8,1000.75,0.09999999999990905,"flash_crash",1768680091.3216903
140,1000.7,1000.8,1000.75,0.09999999999990905,"flash_crash",1768680091.3250263
141,1000.7,1000.8,1000.75,0.09999999999990905,"flash_crash",1768680091.3282495
142,1000.7,1000.9,1000.8,0.1999999999999318,"flash_crash",1768680091.331335
143,1000.8,1000.9,1000.8499999999999,0.10000000000002274,"flash_crash",1768680091.3347533
144,1000.8,1001,1000.9,0.20000000000004547,"flash_crash",1768680091.3380284
145,1000.8,1001,1000.9,0.20000000000004547,"flash_crash",1768680091.3417425
146,1000.8,1001,1000.9,0.20000000000004547,"flash_crash",1768680091.3448265
147,1000.8,1001,1000.9,0.20000000000004547,"flash_crash",1768680091.3481922
148,1000.8,1000.9,1000.8499999999999,0.10000000000002274,"flash_crash",1768680091.3522015
149,1000.8,1000.9,1000.8499999999999,0.10000000000002274,"flash_crash",1768680091.3556833
150,1000.8,1001,1000.9,0.20000000000004547,"flash_crash",1768680091.358873
151,1000.8,1000.9,1000.8499999999999,0.10000000000002274,"flash_crash",1768680091.3620236
152,1000.8,1001,1000.9,0.20000000000004547,"flash_crash",1768680091.365267
153,1000.9,1001.3,1001.0999999999999,0.39999999999997726,"flash_crash",1768680091.368826
154,1001.1,1001.5,1001.3,0.39999999999997726,"flash_crash",1768680091.3719997
155,1001.2,1001.3,1001.25,0.09999999999990905,"flash_crash",1768680091.376245
156,1001.2,1001.3,1001.25,0.09999999999990905,"flash_crash",1768680091.3797722
157,1001.2,1001.3,1001.25,0.09999999999990905,"flash_crash",1768680091.3834388
158,1001.2,1001.3,1001.25,0.09999999999990905,"flash_crash",1768680091.386679
159,1001.2,1001.3,1001.25,0.09999999999990905,"flash_crash",1768680091.391531
160,1001.1,1001.3,1001.2,0.1999999999999318,"flash_crash",1768680091.3961303
161,1001.2,1001.3,1001.25,0.09999999999990905,"flash_crash",1768680091.399851
162,1001.2,1001.3,1001.25,0.09999999999990905,"flash_crash",1768680091.4034822
163,1001.2,1001.3,1001.25,0.09999999999990905,"flash_crash",1768680091.407882
164,1001.1,1001.3,1001.2,0.1999999999999318,"flash_crash",1768680091.411588
165,1001.2,1001.3,1001.25,0.09999999999990905,"flash_crash",1768680091.4147813
166,1001.2,1001.3,1001.25,0.09999999999990905,"flash_crash",1768680091.4183075
167,1001.2,1001.3,1001.25,0.09999999999990905,"flash_crash",1768680091.4258952
168,1001.2,1001.3,1001.25,0.09999999999990905,"flash_crash",1768680091.43027
169,1001.2,1001.3,1001.25,0.09999999999990905,"flash_crash",1768680091.434537
170,1001.2,1001.3,1001.25,0.09999999999990905,"flash_crash",1768680091.4384818
171,1001.2,1001.3,1001.25,0.09999999999990905,"flash_crash",1768680091.4432337
172,1001.2,1001.3,1001.25,0.09999999999990905,"flash_crash",1768680091.44706
173,1001.2,1001.3,1001.25,0.09999999999990905,"flash_crash",1768680091.4525259
174,1001.2,1001.3,1001.25,0.09999999999990905,"flash_crash",1768680091.456412
175,1001.2,1001.3,1001.25,0.09999999999990905,"flash_crash",1768680091.4608066
176,1001.2,1001.3,1001.25,0.09999999999990905,"flash_crash",1768680091.4644606
177,1000.9,1001.3,1001.0999999999999,0.39999999999997726,"flash_crash",1768680091.4676456
178,1000.9,1001.3,1001.0999999999999,0.39999999999997726,"flash_crash",1768680091.4714234
179,1001,1001.2,1001.1,0.20000000000004547,"flash_crash",1768680091.4747026
180,1001,1001.1,1001.05,0.10000000000002274,"flash_crash",1768680091.4785874
181,1001,1001.1,1001.05,0.10000000000002274,"flash_crash",1768680091.482561
182,1001,1001.1,1001.05,0.10000000000002274,"flash_crash",1768680091.4865272
183,1001,1001.1,1001.05,0.10000000000002274,"flash_crash",1768680091.4897037
184,1001,1001.1,1001.05,0.10000000000002274,"flash_crash",1768680091.493497
185,1001,1001.1,1001.05,0.10000000000002274,"flash_crash",1768680091.4976504
186,1001,1001.1,1001.05,0.10000000000002274,"flash_crash",1768680091.5017915
187,1001,1001.3,1001.15,0.2999999999999545,"flash_crash",1768680091.5050788
188,1001.1,1001.3,1001.2,0.1999999999999318,"flash_crash",1768680091.5080986
189,1001.1,1001.2,1001.1500000000001,0.10000000000002274,"flash_crash",1768680091.5114439
190,1001.1,1001.3,1001.2,0.1999999999999318,"flash_crash",1768680091.5145643
191,1001.1,1001.3,1001.2,0.1999999999999318,"flash_crash",1768680091.5197172
192,1001.1,1001.3,1001.2,0.1999999999999318,"flash_crash",1768680091.5238314
193,1000.9,1001.5,1001.2,0.6000000000000227,"flash_crash",1768680091.5275247
194,1001.1,1001.2,1001.1500000000001,0.10000000000002274,"flash_crash",1768680091.5318468
195,1001,1001.2,1001.1,0.20000000000004547,"flash_crash",1768680091.5351188
196,1000.8,1001.1,1000.95,0.3000000000000682,"flash_crash",1768680091.5406563
197,1000.9,1001.1,1001,0.20000000000004547,"flash_crash",1768680091.544929
198,1000.9,1001.2,1001.05,0.3000000000000682,"flash_crash",1768680091.5488496
199,1001,1001.1,1001.05,0.10000000000002274,"flash_crash",1768680091.555382
200,1001,1001.1,1001.05,0.10000000000002274,"flash_crash",1768680091.5597181
201,1000.9,1001.2,1001.05,0.3000000000000682,"flash_crash",1768680091.5631583
202,1001,1001.2,1001.1,0.20000000000004547,"flash_crash",1768680091.5680847
203,1001.1,1001.2,1001.1500000000001,0.10000000000002274,"flash_crash",1768680091.573141
204,1001.1,1001.3,1001.2,0.1999999999999318,"flash_crash",1768680091.578696
205,1001.1,1001.3,1001.2,0.1999999999999318,"flash_crash",1768680091.5835261
206,1001.1,1001.3,1001.2,0.1999999999999318,"flash_crash",1768680091.5879955
207,1001,1001.4,1001.2,0.39999999999997726,"flash_crash",1768680091.5928261
208,1000.9,1001.5,1001.2,0.6000000000000227,"flash_crash",1768680091.5983386
209,1000.9,1001.5,1001.2,0.6000000000000227,"flash_crash",1768680091.6042147
210,1000.8,1001.6,1001.2,0.8000000000000682,"flash_crash",1768680091.6141794
211,1001.1,1001.3,1001.2,0.1999999999999318,"flash_crash",1768680091.620515
212,1001.2,1001.3,1001.25,0.09999999999990905,"flash_crash",1768680091.6304054
213,1001.2,1001.3,1001.25,0.09999999999990905,"flash_crash",1768680091.6410022
214,1001.2,1001.3,1001.25,0.09999999999990905,"flash_crash",1768680091.6462176
215,1001.2,1001.4,1001.3,0.1999999999999318,"flash_crash",1768680091.6519775
216,1001.3,1001.4,1001.3499999999999,0.10000000000002274,"flash_crash",1768680091.6595929
217,1001.2,1001.7,1001.45,0.5,"flash_crash",1768680091.6661942
218,1001.2,1001.7,1001.45,0.5,"flash_crash",1768680091.672876
219,1001.4,1001.6,1001.5,0.20000000000004547,"flash_crash",1768680091.6774218
220,1000.9,1002.1,1001.5,1.2000000000000455,"flash_crash",1768680091.681401
221,1001.4,1001.6,1001.5,0.20000000000004547,"flash_crash",1768680091.6844354
222,1001.4,1001.6,1001.5,0.20000000000004547,"flash_crash",1768680091.6878083
223,1001.4,1001.6,1001.5,0.20000000000004547,"flash_crash",1768680091.6913092
224,1001.4,1001.6,1001.5,0.20000000000004547,"flash_crash",1768680091.6957543
225,1001.2,1001.8,1001.5,0.599999999999909,"flash_crash",1768680091.6993759
226,1001.4,1001.6,1001.5,0.20000000000004547,"flash_crash",1768680091.703254
227,1001.4,1001.6,1001.5,0.20000000000004547,"flash_crash",1768680091.7065465
228,1001.4,1001.6,1001.5,0.20000000000004547,"flash_crash",1768680091.7107458
229,1001.4,1001.6,1001.5,0.20000000000004547,"flash_crash",1768680091.7148545
230,1001.4,1001.6,1001.5,0.20000000000004547,"flash_crash",1768680091.7185423
231,1001.4,1001.6,1001.5,0.20000000000004547,"flash_crash",1768680091.722556
232,1001.5,1001.6,1001.55,0.10000000000002274,"flash_crash",1768680091.7260315
233,1001.5,1001.6,1001.55,0.10000000000002274,"flash_crash",1768680091.7306025
234,1001.5,1001.6,1001.55,0.10000000000002274,"flash_crash",1768680091.7345622
235,1001.5,1001.6,1001.55,0.10000000000002274,"flash_crash",1768680091.7387006
236,1001.5,1001.6,1001.55,0.10000000000002274,"flash_crash",1768680091.7420382
237,1001.5,1001.6,1001.55,0.10000000000002274,"flash_crash",1768680091.7453244
238,1001.5,1001.6,1001.55,0.10000000000002274,"flash_crash",1768680091.748756
239,1001.5,1001.6,1001.55,0.10000000000002274,"flash_crash",1768680091.7518277
240,1001.5,1001.6,1001.55,0.10000000000002274,"flash_crash",1768680091.7557158
241,1001.4,1001.6,1001.5,0.20000000000004547,"flash_crash",1768680091.7592506
242,1001.4,1001.6,1001.5,0.20000000000004547,"flash_crash",1768680091.7636046
243,1001.4,1001.6,1001.5,0.20000000000004547,"flash_crash",1768680091.7666452
244,1001.5,1001.6,1001.55,0.10000000000002274,"flash_crash",1768680091.7701962
245,1001.5,1001.6,1001.55,0.10000000000002274,"flash_crash",1768680091.7736468
246,1001.5,1001.6,1001.55,0.10000000000002274,"flash_crash",1768680091.7773528
247,1001.5,1001.6,1001.55,0.10000000000002274,"flash_crash",1768680091.7806947
248,1001.5,1001.6,1001.55,0.10000000000002274,"flash_crash",1768680091.785527
249,1001.5,1001.6,1001.55,0.10000000000002274,"flash_crash",1768680091.788817
250,1001.5,1001.7,1001.6,0.20000000000004547,"flash_crash",1768680091.792693
251,1001.5,1001.7,1001.6,0.20000000000004547,"flash_crash",1768680091.7964194
252,1001.5,1001.6,1001.55,0.10000000000002274,"flash_crash",1768680091.7994852
253,1001.5,1001.6,1001.55,0.10000000000002274,"flash_crash",1768680091.802585
254,1001.5,1001.6,1001.55,0.10000000000002274,"flash_crash",1768680091.8063936
255,1001.4,1001.6,1001.5,0.20000000000004547,"flash_crash",1768680091.810564
256,1001.4,1001.5,1001.45,0.10000000000002274,"flash_crash",1768680091.8137023
257,1001.2,1001.5,1001.35,0.2999999999999545,"flash_crash",1768680091.8179252
258,1000.9,1001.4,1001.15,0.5,"flash_crash",1768680091.8212388
259,1001.1,1001.4,1001.25,0.2999999999999545,"flash_crash",1768680091.8267167
260,1001.1,1001.3,1001.2,0.1999999999999318,"flash_crash",1768680091.8316689
261,1001.1,1001.3,1001.2,0.1999999999999318,"flash_crash",1768680091.83504
262,1001.1,1001.2,1001.1500000000001,0.10000000000002274,"flash_crash",1768680091.8386745
263,1000.9,1001.2,1001.05,0.3000000000000682,"flash_crash",1768680091.8418088
264,1000.9,1001.2,1001.05,0.3000000000000682,"flash_crash",1768680091.8457994
265,1001,1001.2,1001.1,0.20000000000004547,"flash_crash",1768680091.8493052
266,1001,1001.2,1001.1,0.20000000000004547,"flash_crash",1768680091.8535252
267,1001,1001.2,1001.1,0.20000000000004547,"flash_crash",1768680091.8568773
268,1000.8,1001.2,1001,0.40000000000009095,"flash_crash",1768680091.8615098
269,1000.9,1001,1000.95,0.10000000000002274,"flash_crash",1768680091.8660724
270,1000.9,1001,1000.95,0.10000000000002274,"flash_crash",1768680091.8696163
271,1000.9,1001.2,1001.05,0.3000000000000682,"flash_crash",1768680091.8734772
272,1001,1001.2,1001.1,0.20000000000004547,"flash_crash",1768680091.8775697
273,1001.1,1001.3,1001.2,0.1999999999999318,"flash_crash",1768680091.8809202
274,1001.1,1001.3,1001.2,0.1999999999999318,"flash_crash",1768680091.8849993
275,1001.1,1001.3,1001.2,0.1999999999999318,"flash_crash",1768680091.8884103
276,1001.1,1001.2,1001.1500000000001,0.10000000000002274,"flash_crash",1768680091.8916786
277,1001.1,1001.2,1001.1500000000001,0.10000000000002274,"flash_crash",1768680091.8953419
278,1001.1,1001.2,1001.1500000000001,0.10000000000002274,"flash_crash",1768680091.8991647
279,1001.1,1001.2,1001.1500000000001,0.10000000000002274,"flash_crash",1768680091.9035811
280,1001.1,1001.2,1001.1500000000001,0.10000000000002274,"flash_crash",1768680091.907852
281,1001.1,1001.2,1001.1500000000001,0.10000000000002274,"flash_crash",1768680091.9119065
282,1001.1,1001.2,1001.1500000000001,0.10000000000002274,"flash_crash",1768680091.9150126
283,1001.1,1001.3,1001.2,0.1999999999999318,"flash_crash",1768680091.9183786
284,1001.1,1001.2,1001.1500000000001,0.10000000000002274,"flash_crash",1768680091.9218118
285,1001.1,1001.2,1001.1500000000001,0.10000000000002274,"flash_crash",1768680091.9268198
286,1001.1,1001.2,1001.1500000000001,0.10000000000002274,"flash_crash",1768680091.9306624
287,1001.1,1001.2,1001.1500000000001,0.10000000000002274,"flash_crash",1768680091.9372072
288,1001.1,1001.2,1001.1500000000001,0.10000000000002274,"flash_crash",1768680091.941543
289,1001.1,1001.2,1001.1500000000001,0.10000000000002274,"flash_crash",1768680091.9447548
290,1001.1,1001.2,1001.1500000000001,0.10000000000002274,"flash_crash",1768680091.9485817
291,1001.1,1001.2,1001.1500000000001,0.10000000000002274,"flash_crash",1768680091.9517674
292,1001.1,1001.2,1001.1500000000001,0.10000000000002274,"flash_crash",1768680091.955456
293,1001.1,1001.2,1001.1500000000001,0.10000000000002274,"flash_crash",1768680091.9584243
294,1001.1,1001.2,1001.1500000000001,0.10000000000002274,"flash_crash",1768680091.961712
295,1001.1,1001.2,1001.1500000000001,0.10000000000002274,"flash_crash",1768680091.9649296
296,1001.1,1001.2,1001.1500000000001,0.10000000000002274,"flash_crash",1768680091.9681172
297,1001.1,1001.2,1001.1500000000001,0.10000000000002274,"flash_crash",1768680091.9719455
298,1001.1,1001.2,1001.1500000000001,0.10000000000002274,"flash_crash",1768680091.9765213
299,1001.1,1001.2,1001.1500000000001,0.10000000000002274,"flash_crash",1768680091.9807289
300,1001.1,1001.2,1001.1500000000001,0.10000000000002274,"flash_crash",1768680091.984538
301,1001.1,1001.3,1001.2,0.1999999999999318,"flash_crash",1768680091.9892828
302,1001,1001.2,1001.1,0.20000000000004547,"flash_crash",1768680091.9923456
303,1001,1001.3,1001.15,0.2999999999999545,"flash_crash",1768680091.9957654
304,1001.1,1001.4,1001.25,0.2999999999999545,"flash_crash",1768680091.9999678
305,1001.2,1001.4,1001.3,0.1999999999999318,"flash_crash",1768680092.0054913
306,1001.2,1001.4,1001.3,0.1999999999999318,"flash_crash",1768680092.011297
307,1001.2,1001.4,1001.3,0.1999999999999318,"flash_crash",1768680092.0154955
308,1001.3,1001.4,1001.3499999999999,0.10000000000002274,"flash_crash",1768680092.0197177
309,1001.3,1001.5,1001.4,0.20000000000004547,"flash_crash",1768680092.024102
310,1001.3,1001.5,1001.4,0.20000000000004547,"flash_crash",1768680092.029099
311,1001.3,1001.5,1001.4,0.20000000000004547,"flash_crash",1768680092.0357835
312,1001.3,1001.5,1001.4,0.20000000000004547,"flash_crash",1768680092.040006
313,1001.3,1001.5,1001.4,0.20000000000004547,"flash_crash",1768680092.044775
314,1001.1,1001.5,1001.3,0.39999999999997726,"flash_crash",1768680092.0491776
315,1000.9,1001.3,1001.0999999999999,0.39999999999997726,"flash_crash",1768680092.0526965
316,1000.9,1001.3,1001.0999999999999,0.39999999999997726,"flash_crash",1768680092.0559266
317,1001.1,1001.2,1001.1500000000001,0.10000000000002274,"flash_crash",1768680092.0592482
318,1001.1,1001.3,1001.2,0.1999999999999318,"flash_crash",1768680092.0654585
319,1001.1,1001.4,1001.25,0.2999999999999545,"flash_crash",1768680092.0698507
320,1001.2,1001.5,1001.35,0.2999999999999545,"flash_crash",1768680092.0749958
321,1001.3,1001.4,1001.3499999999999,0.10000000000002274,"flash_crash",1768680092.0785542
322,1001.3,1001.4,1001.3499999999999,0.10000000000002274,"flash_crash",1768680092.0816557
323,1001.3,1001.4,1001.3499999999999,0.10000000000002274,"flash_crash",1768680092.08602
324,1001.3,1001.4,1001.3499999999999,0.10000000000002274,"flash_crash",1768680092.0910628
325,1001.3,1001.5,1001.4,0.20000000000004547,"flash_crash",1768680092.0951989
326,1001.4,1001.5,1001.45,0.10000000000002274,"flash_crash",1768680092.0989337
327,1001.4,1001.5,1001.45,0.10000000000002274,"flash_crash",1768680092.1036081
328,1001.4,1001.6,1001.5,0.20000000000004547,"flash_crash",1768680092.1069543
329,1001.4,1001.7,1001.55,0.3000000000000682,"flash_crash",1768680092.1117623
330,1001.5,1001.7,1001.6,0.20000000000004547,"flash_crash",1768680092.1153765
331,1001.6,1001.7,1001.6500000000001,0.10000000000002274,"flash_crash",1768680092.1187222
332,1001.6,1001.7,1001.6500000000001,0.10000000000002274,"flash_crash",1768680092.1222203
333,1001.6,1001.8,1001.7,0.1999999999999318,"flash_crash",1768680092.1289377
334,1001.6,1001.8,1001.7,0.1999999999999318,"flash_crash",1768680092.1365168
335,1001.4,1001.9,1001.65,0.5,"flash_crash",1768680092.1414487
336,1001.4,1001.7,1001.55,0.3000000000000682,"flash_crash",1768680092.1466017
337,1001.5,1001.7,1001.6,0.20000000000004547,"flash_crash",1768680092.1509025
338,1001.5,1001.7,1001.6,0.20000000000004547,"flash_crash",1768680092.15571
339,1001.5,1001.7,1001.6,0.20000000000004547,"flash_crash",1768680092.1609313
340,1001.5,1001.7,1001.6,0.20000000000004547,"flash_crash",1768680092.1662023
341,1001.5,1001.7,1001.6,0.20000000000004547,"flash_crash",1768680092.1699922
342,1001.5,1001.7,1001.6,0.20000000000004547,"flash_crash",1768680092.1733627
343,1001.5,1001.7,1001.6,0.20000000000004547,"flash_crash",1768680092.1767838
344,1001.5,1001.7,1001.6,0.20000000000004547,"flash_crash",1768680092.1799884
345,1001.4,1001.8,1001.5999999999999,0.39999999999997726,"flash_crash",1768680092.1850815
346,1001.5,1001.7,1001.6,0.20000000000004547,"flash_crash",1768680092.1893678
347,1001.5,1001.7,1001.6,0.20000000000004547,"flash_crash",1768680092.1932192
348,1001.4,1001.6,1001.5,0.20000000000004547,"flash_crash",1768680092.1977758
349,1001.5,1001.6,1001.55,0.10000000000002274,"flash_crash",1768680092.2015417
350,1001.5,1001.7,1001.6,0.20000000000004547,"flash_crash",1768680092.2049851
351,1001.5,1001.6,1001.55,0.10000000000002274,"flash_crash",1768680092.2092226
352,1001.5,1001.6,1001.55,0.10000000000002274,"flash_crash",1768680092.2131734
353,1001.5,1001.6,1001.55,0.10000000000002274,"flash_crash",1768680092.217547
354,1001.5,1001.6,1001.55,0.10000000000002274,"flash_crash",1768680092.2206118
355,1001.5,1001.6,1001.55,0.10000000000002274,"flash_crash",1768680092.2239242
356,1001.5,1001.7,1001.6,0.20000000000004547,"flash_crash",1768680092.2271476
357,1001.6,1001.7,1001.6500000000001,0.10000000000002274,"flash_crash",1768680092.2304616
358,1001.6,1001.8,1001.7,0.1999999999999318,"flash_crash",1768680092.2369494
359,1001.6,1001.8,1001.7,0.1999999999999318,"flash_crash",1768680092.2426486
360,1001.7,1001.8,1001.75,0.09999999999990905,"flash_crash",1768680092.2469354
361,1001.7,1001.8,1001.75,0.09999999999990905,"flash_crash",1768680092.2501013
362,1001.7,1001.9,1001.8,0.1999999999999318,"flash_crash",1768680092.253156
363,1001.7,1001.9,1001.8,0.1999999999999318,"flash_crash",1768680092.2566736
364,1001.7,1001.9,1001.8,0.1999999999999318,"flash_crash",1768680092.259727
365,1001.7,1001.9,1001.8,0.1999999999999318,"flash_crash",1768680092.263056
366,1001.7,1001.9,1001.8,0.1999999999999318,"flash_crash",1768680092.2667038
367,1001.7,1001.9,1001.8,0.1999999999999318,"flash_crash",1768680092.2698493
368,1001.8,1001.9,1001.8499999999999,0.10000000000002274,"flash_crash",1768680092.2740064
369,1001.8,1001.9,1001.8499999999999,0.10000000000002274,"flash_crash",1768680092.277439
370,1001.8,1002,1001.9,0.20000000000004547,"flash_crash",1768680092.2807636
371,1001.8,1002,1001.9,0.20000000000004547,"flash_crash",1768680092.284116
372,1001.8,1002,1001.9,0.20000000000004547,"flash_crash",1768680092.2875056
373,1001.8,1002,1001.9,0.20000000000004547,"flash_crash",1768680092.2906709
374,1001.8,1002,1001.9,0.20000000000004547,"flash_crash",1768680092.2950537
375,1001.8,1002.1,1001.95,0.3000000000000682,"flash_crash",1768680092.2986166
376,1001.9,1002.6,1002.25,0.7000000000000455,"flash_crash",1768680092.302837
377,1001.9,1002.6,1002.25,0.7000000000000455,"flash_crash",1768680092.3072872
378,1002.2,1002.4,1002.3,0.1999999999999318,"flash_crash",1768680092.3105001
379,1002.2,1002.7,1002.45,0.5,"flash_crash",1768680092.313932
380,1002.4,1002.6,1002.5,0.20000000000004547,"flash_crash",1768680092.3182707
381,1002.4,1002.5,1002.45,0.10000000000002274,"flash_crash",1768680092.3217065
382,1002.3,1002.6,1002.45,0.3000000000000682,"flash_crash",1768680092.3255303
383,1002.2,1002.7,1002.45,0.5,"flash_crash",1768680092.328924
384,1002.2,1002.9,1002.55,0.6999999999999318,"flash_crash",1768680092.3321915
385,1002.3,1002.6,1002.45,0.3000000000000682,"flash_crash",1768680092.336221
386,1002.3,1002.6,1002.45,0.3000000000000682,"flash_crash",1768680092.340262
387,1002.2,1002.5,1002.35,0.2999999999999545,"flash_crash",1768680092.3441672
388,1002.2,1002.5,1002.35,0.2999999999999545,"flash_crash",1768680092.3494282
389,1002.3,1002.5,1002.4,0.20000000000004547,"flash_crash",1768680092.354733
390,1002.2,1002.5,1002.35,0.2999999999999545,"flash_crash",1768680092.359823
391,1002.2,1002.5,1002.35,0.2999999999999545,"flash_crash",1768680092.3634126
392,1002.3,1002.5,1002.4,0.20000000000004547,"flash_crash",1768680092.3695948
393,1002.3,1002.5,1002.4,0.20000000000004547,"flash_crash",1768680092.373779
394,1002.3,1002.5,1002.4,0.20000000000004547,"flash_crash",1768680092.3780951
395,1002.3,1002.4,1002.3499999999999,0.10000000000002274,"flash_crash",1768680092.3826103
396,1002.2,1002.4,1002.3,0.1999999999999318,"flash_crash",1768680092.385762
397,1002.2,1002.3,1002.25,0.09999999999990905,"flash_crash",1768680092.3892455
398,1001.9,1002.3,1002.0999999999999,0.39999999999997726,"flash_crash",1768680092.394731
399,1001.7,1002.3,1002,0.599999999999909,"flash_crash",1768680092.3991628
400,1002,1002.1,1002.05,0.10000000000002274,"flash_crash",1768680092.4031816
401,1002,1002.1,1002.05,0.10000000000002274,"flash_crash",1768680092.4072895
402,1002,1002.3,1002.15,0.2999999999999545,"flash_crash",1768680092.413503
403,1002,1002.3,1002.15,0.2999999999999545,"flash_crash",1768680092.41722
404,1002.1,1002.3,1002.2,0.1999999999999318,"flash_crash",1768680092.4204164
405,1002,1002.3,1002.15,0.2999999999999545,"flash_crash",1768680092.4261026
406,1002,1002.3,1002.15,0.2999999999999545,"flash_crash",1768680092.429607
407,1002,1002.3,1002.15,0.2999999999999545,"flash_crash",1768680092.4329674
408,1002,1002.3,1002.15,0.2999999999999545,"flash_crash",1768680092.438506
409,1002.1,1002.3,1002.2,0.1999999999999318,"flash_crash",1768680092.4419448
410,1002.2,1002.4,1002.3,0.1999999999999318,"flash_crash",1768680092.4450507
411,1002.2,1002.4,1002.3,0.1999999999999318,"flash_crash",1768680092.4482017
412,1002.2,1002.4,1002.3,0.1999999999999318,"flash_crash",1768680092.452479
413,1002.2,1002.4,1002.3,0.1999999999999318,"flash_crash",1768680092.4557297
414,1002.1,1002.5,1002.3,0.39999999999997726,"flash_crash",1768680092.458732
415,1002.2,1002.4,1002.3,0.1999999999999318,"flash_crash",1768680092.462612
416,1002.3,1002.4,1002.3499999999999,0.10000000000002274,"flash_crash",1768680092.467027
417,1002.3,1002.5,1002.4,0.20000000000004547,"flash_crash",1768680092.4701245
418,1002.3,1002.5,1002.4,0.20000000000004547,"flash_crash",1768680092.473685
419,1002.3,1002.5,1002.4,0.20000000000004547,"flash_crash",1768680092.476949
420,1002.3,1003,1002.65,0.7000000000000455,"flash_crash",1768680092.4805408
421,1002.5,1002.8,1002.65,0.2999999999999545,"flash_crash",1768680092.4846725
422,1002.6,1002.8,1002.7,0.1999999999999318,"flash_crash",1768680092.4876747
423,1002.6,1002.8,1002.7,0.1999999999999318,"flash_crash",1768680092.490963
424,1002.6,1002.8,1002.7,0.1999999999999318,"flash_crash",1768680092.494551
425,1002.6,1002.8,1002.7,0.1999999999999318,"flash_crash",1768680092.497456
426,1002.6,1002.7,1002.6500000000001,0.10000000000002274,"flash_crash",1768680092.5008159
427,1002.6,1002.8,1002.7,0.1999999999999318,"flash_crash",1768680092.5039358
428,1002.6,1002.8,1002.7,0.1999999999999318,"flash_crash",1768680092.5071883
429,1002.6,1002.8,1002.7,0.1999999999999318,"flash_crash",1768680092.510711
430,1002.6,1002.8,1002.7,0.1999999999999318,"flash_crash",1768680092.5138118
431,1002.7,1002.9,1002.8,0.1999999999999318,"flash_crash",1768680092.5170777
432,1002.7,1002.9,1002.8,0.1999999999999318,"flash_crash",1768680092.520261
433,1002.7,1002.9,1002.8,0.1999999999999318,"flash_crash",1768680092.5235584
434,1002.8,1002.9,1002.8499999999999,0.10000000000002274,"flash_crash",1768680092.5280478
435,1002.7,1003,1002.85,0.2999999999999545,"flash_crash",1768680092.5320246
436,1002.8,1003,1002.9,0.20000000000004547,"flash_crash",1768680092.5354447
437,1002.9,1003,1002.95,0.10000000000002274,"flash_crash",1768680092.5393116
438,1002.9,1003.2,1003.05,0.3000000000000682,"flash_crash",1768680092.5446901
439,1003,1003.2,1003.1,0.20000000000004547,"flash_crash",1768680092.549924
440,1003,1003.2,1003.1,0.20000000000004547,"flash_crash",1768680092.552963
441,1003.1,1003.4,1003.25,0.2999999999999545,"flash_crash",1768680092.556113
442,1003.2,1003.4,1003.3,0.1999999999999318,"flash_crash",1768680092.5594287
443,1003.1,1003.3,1003.2,0.1999999999999318,"flash_crash",1768680092.5626135
444,1003.1,1003.3,1003.2,0.1999999999999318,"flash_crash",1768680092.5657132
445,1003.1,1003.2,1003.1500000000001,0.10000000000002274,"flash_crash",1768680092.569411
446,1003.1,1003.2,1003.1500000000001,0.10000000000002274,"flash_crash",1768680092.5724487
447,1003.1,1003.2,1003.1500000000001,0.10000000000002274,"flash_crash",1768680092.5756571
448,1003.1,1003.2,1003.1500000000001,0.10000000000002274,"flash_crash",1768680092.5789933
449,1003.1,1003.2,1003.1500000000001,0.10000000000002274,"flash_crash",1768680092.5837252
450,1003.1,1003.2,1003.1500000000001,0.10000000000002274,"flash_crash",1768680092.5884998
451,1003.1,1003.2,1003.1500000000001,0.10000000000002274,"flash_crash",1768680092.5934784
452,1003.1,1003.2,1003.1500000000001,0.10000000000002274,"flash_crash",1768680092.596945
453,1003.1,1003.2,1003.1500000000001,0.10000000000002274,"flash_crash",1768680092.60048
454,1003.1,1003.2,1003.1500000000001,0.10000000000002274,"flash_crash",1768680092.6050284
455,1003.1,1003.2,1003.1500000000001,0.10000000000002274,"flash_crash",1768680092.6088579
456,1003.1,1003.2,1003.1500000000001,0.10000000000002274,"flash_crash",1768680092.6119907
457,1003.1,1003.2,1003.1500000000001,0.10000000000002274,"flash_crash",1768680092.6151738
458,1002.9,1003.2,1003.05,0.3000000000000682,"flash_crash",1768680092.6195343
459,1003,1003.1,1003.05,0.10000000000002274,"flash_crash",1768680092.6224623
460,1003,1003.1,1003.05,0.10000000000002274,"flash_crash",1768680092.6258144
461,1003,1003.1,1003.05,0.10000000000002274,"flash_crash",1768680092.6293452
462,1003,1003.1,1003.05,0.10000000000002274,"flash_crash",1768680092.6329901
463,1003,1003.1,1003.05,0.10000000000002274,"flash_crash",1768680092.6359804
464,1002.9,1003.1,1003,0.20000000000004547,"flash_crash",1768680092.6401
465,1002.8,1003.1,1002.95,0.3000000000000682,"flash_crash",1768680092.6446064
466,1002.8,1003.1,1002.95,0.3000000000000682,"flash_crash",1768680092.6487396
467,1002.9,1003.1,1003,0.20000000000004547,"flash_crash",1768680092.6527026
468,1002.9,1003.1,1003,0.20000000000004547,"flash_crash",1768680092.6559358
469,1002.9,1003,1002.95,0.10000000000002274,"flash_crash",1768680092.6612623
470,1002.9,1003.1,1003,0.20000000000004547,"flash_crash",1768680092.6657434
471,1002.9,1003.1,1003,0.20000000000004547,"flash_crash",1768680092.6737669
472,1002.8,1003.1,1002.95,0.3000000000000682,"flash_crash",1768680092.6779373
473,1002.9,1003,1002.95,0.10000000000002274,"flash_crash",1768680092.6812298
474,1002.9,1003,1002.95,0.10000000000002274,"flash_crash",1768680092.684709
475,1002.9,1003,1002.95,0.10000000000002274,"flash_crash",1768680092.6886213
476,1002.9,1003,1002.95,0.10000000000002274,"flash_crash",1768680092.6927297
477,1002.9,1003,1002.95,0.10000000000002274,"flash_crash",1768680092.6979775
478,1002.8,1003,1002.9,0.20000000000004547,"flash_crash",1768680092.7011788
479,1002.8,1002.9,1002.8499999999999,0.10000000000002274,"flash_crash",1768680092.7057002
480,1002.7,1002.9,1002.8,0.1999999999999318,"flash_crash",1768680092.708618
481,1002.7,1002.9,1002.8,0.1999999999999318,"flash_crash",1768680092.7122037
482,1002.8,1002.9,1002.8499999999999,0.10000000000002274,"flash_crash",1768680092.7166023
483,1002.8,1002.9,1002.8499999999999,0.10000000000002274,"flash_crash",1768680092.721986
484,1002.8,1002.9,1002.8499999999999,0.10000000000002274,"flash_crash",1768680092.7253492
485,1002.8,1002.9,1002.8499999999999,0.10000000000002274,"flash_crash",1768680092.7293255
486,1002.8,1002.9,1002.8499999999999,0.10000000000002274,"flash_crash",1768680092.733204
487,1002.8,1002.9,1002.8499999999999,0.10000000000002274,"flash_crash",1768680092.7368922
488,1002.8,1002.9,1002.8499999999999,0.10000000000002274,"flash_crash",1768680092.7402875
489,1002.8,1002.9,1002.8499999999999,0.10000000000002274,"flash_crash",1768680092.7458594
490,1002.8,1002.9,1002.8499999999999,0.10000000000002274,"flash_crash",1768680092.7525532
491,1002.8,1002.9,1002.8499999999999,0.10000000000002274,"flash_crash",1768680092.757214
492,1002.8,1002.9,1002.8499999999999,0.10000000000002274,"flash_crash",1768680092.7609413
493,1002.8,1003,1002.9,0.20000000000004547,"flash_crash",1768680092.7646751
494,1002.8,1003.1,1002.95,0.3000000000000682,"flash_crash",1768680092.768879
495,1002.7,1003.2,1002.95,0.5,"flash_crash",1768680092.773083
496,1002.9,1003.1,1003,0.20000000000004547,"flash_crash",1768680092.7767293
497,1002.7,1003.2,1002.95,0.5,"flash_crash",1768680092.779763
498,1002.4,1003.5,1002.95,1.1000000000000227,"flash_crash",1768680092.7832246
499,1002.8,1003.1,1002.95,0.3000000000000682,"flash_crash",1768680092.7872605
500,1002.9,1003.1,1003,0.20000000000004547,"flash_crash",1768680092.7910793
501,1002.8,1003.2,1003,0.40000000000009095,"flash_crash",1768680092.7950842
502,1003,1003.1,1003.05,0.10000000000002274,"flash_crash",1768680092.8002906
503,1003,1003.1,1003.05,0.10000000000002274,"flash_crash",1768680092.8035374
504,1003,1003.2,1003.1,0.20000000000004547,"flash_crash",1768680092.8083978
505,1003,1003.2,1003.1,0.20000000000004547,"flash_crash",1768680092.81284
506,1003.1,1003.2,1003.1500000000001,0.10000000000002274,"flash_crash",1768680092.816335
507,1003.1,1003.2,1003.1500000000001,0.10000000000002274,"flash_crash",1768680092.8195834
508,1003.1,1003.2,1003.1500000000001,0.10000000000002274,"flash_crash",1768680092.8229623
509,1003.1,1003.2,1003.1500000000001,0.10000000000002274,"flash_crash",1768680092.826052
510,1003.1,1003.2,1003.1500000000001,0.10000000000002274,"flash_crash",1768680092.8300455
511,1003.1,1003.2,1003.1500000000001,0.10000000000002274,"flash_crash",1768680092.834477
512,1003.1,1003.2,1003.1500000000001,0.10000000000002274,"flash_crash",1768680092.8384113
513,1003.1,1003.2,1003.1500000000001,0.10000000000002274,"flash_crash",1768680092.8419554
514,1003.1,1003.2,1003.1500000000001,0.10000000000002274,"flash_crash",1768680092.8460739
515,1003.1,1003.2,1003.1500000000001,0.10000000000002274,"flash_crash",1768680092.8498511
516,1003.1,1003.2,1003.1500000000001,0.10000000000002274,"flash_crash",1768680092.8536105
517,1003.1,1003.2,1003.1500000000001,0.10000000000002274,"flash_crash",1768680092.8563104
518,1003.1,1003.2,1003.1500000000001,0.10000000000002274,"flash_crash",1768680092.8603868
519,1003.1,1003.2,1003.1500000000001,0.10000000000002274,"flash_crash",1768680092.863957
520,1003.1,1003.2,1003.1500000000001,0.10000000000002274,"flash_crash",1768680092.8691688
521,1003.1,1003.3,1003.2,0.1999999999999318,"flash_crash",1768680092.8722517
522,1003.2,1003.4,1003.3,0.1999999999999318,"flash_crash",1768680092.8755906
523,1003.2,1003.4,1003.3,0.1999999999999318,"flash_crash",1768680092.8791225
524,1003.2,1003.3,1003.25,0.09999999999990905,"flash_crash",1768680092.8833497
525,1003.2,1003.3,1003.25,0.09999999999990905,"flash_crash",1768680092.8865392
526,1003.2,1003.3,1003.25,0.09999999999990905,"flash_crash",1768680092.8905103
527,1003.2,1003.3,1003.25,0.09999999999990905,"flash_crash",1768680092.8942485
528,1003.2,1003.3,1003.25,0.09999999999990905,"flash_crash",1768680092.8972464
529,1003.2,1003.3,1003.25,0.09999999999990905,"flash_crash",1768680092.9040802
530,1003.2,1003.3,1003.25,0.09999999999990905,"flash_crash",1768680092.9086
531,1003.2,1003.3,1003.25,0.09999999999990905,"flash_crash",1768680092.9123082
532,1003.2,1003.3,1003.25,0.09999999999990905,"flash_crash",1768680092.9158525
533,1003.2,1003.3,1003.25,0.09999999999990905,"flash_crash",1768680092.9202929
534,1003.2,1003.3,1003.25,0.09999999999990905,"flash_crash",1768680092.925478
535,1003.2,1003.3,1003.25,0.09999999999990905,"flash_crash",1768680092.9291108
536,1003.2,1003.3,1003.25,0.09999999999990905,"flash_crash",1768680092.9335034
537,1003.2,1003.3,1003.25,0.09999999999990905,"flash_crash",1768680092.936772
538,1003.2,1003.3,1003.25,0.09999999999990905,"flash_crash",1768680092.940055
539,1003.2,1003.3,1003.25,0.09999999999990905,"flash_crash",1768680092.9437234
540,1003.2,1003.3,1003.25,0.09999999999990905,"flash_crash",1768680092.9475396
541,1003.2,1003.3,1003.25,0.09999999999990905,"flash_crash",1768680092.9512408
542,1003.2,1003.3,1003.25,0.09999999999990905,"flash_crash",1768680092.9549866
543,1002.9,1003.6,1003.25,0.7000000000000455,"flash_crash",1768680092.9584832
544,1003.1,1003.3,1003.2,0.1999999999999318,"flash_crash",1768680092.9627333
545,1003.2,1003.3,1003.25,0.09999999999990905,"flash_crash",1768680092.9657347
546,1003.2,1003.3,1003.25,0.09999999999990905,"flash_crash",1768680092.9698102
547,1003.2,1003.3,1003.25,0.09999999999990905,"flash_crash",1768680092.9735644
548,1003.2,1003.3,1003.25,0.09999999999990905,"flash_crash",1768680092.9764242
549,1003.2,1003.3,1003.25,0.09999999999990905,"flash_crash",1768680092.9798064
550,1003.2,1003.3,1003.25,0.09999999999990905,"flash_crash",1768680092.983207
551,1003.2,1003.3,1003.25,0.09999999999990905,"flash_crash",1768680092.9864867
552,1003.2,1003.3,1003.25,0.09999999999990905,"flash_crash",1768680092.9894693
553,1003.2,1003.3,1003.25,0.09999999999990905,"flash_crash",1768680092.9939456
554,1003.2,1003.3,1003.25,0.09999999999990905,"flash_crash",1768680092.998512
555,1003.2,1003.3,1003.25,0.09999999999990905,"flash_crash",1768680093.0014272
556,1003.2,1003.3,1003.25,0.09999999999990905,"flash_crash",1768680093.005068
557,1003.2,1003.3,1003.25,0.09999999999990905,"flash_crash",1768680093.0084262
558,1003.2,1003.3,1003.25,0.09999999999990905,"flash_crash",1768680093.0126896
559,1003.2,1003.3,1003.25,0.09999999999990905,"flash_crash",1768680093.016821
560,1003.2,1003.3,1003.25,0.09999999999990905,"flash_crash",1768680093.023426
561,1003.2,1003.3,1003.25,0.09999999999990905,"flash_crash",1768680093.027596
562,1003.2,1003.3,1003.25,0.09999999999990905,"flash_crash",1768680093.0314338
563,1003.2,1003.3,1003.25,0.09999999999990905,"flash_crash",1768680093.0346713
564,1003.2,1003.3,1003.25,0.09999999999990905,"flash_crash",1768680093.038584
565,1003.2,1003.3,1003.25,0.09999999999990905,"flash_crash",1768680093.042323
566,1003.2,1003.3,1003.25,0.09999999999990905,"flash_crash",1768680093.0462215
567,1002.8,1003.3,1003.05,0.5,"flash_crash",1768680093.0530128
568,1002.7,1003.3,1003,0.599999999999909,"flash_crash",1768680093.0570943
569,1002.9,1003.1,1003,0.20000000000004547,"flash_crash",1768680093.0614684
570,1002.9,1003.1,1003,0.20000000000004547,"flash_crash",1768680093.0656066
571,1002.9,1003.1,1003,0.20000000000004547,"flash_crash",1768680093.070707
572,1003,1003.2,1003.1,0.20000000000004547,"flash_crash",1768680093.0750625
573,1003,1003.2,1003.1,0.20000000000004547,"flash_crash",1768680093.079982
574,1003,1003.2,1003.1,0.20000000000004547,"flash_crash",1768680093.0841887
575,1003,1003.4,1003.2,0.39999999999997726,"flash_crash",1768680093.0878263
576,1003.1,1003.2,1003.1500000000001,0.10000000000002274,"flash_crash",1768680093.092034
577,1003,1003.2,1003.1,0.20000000000004547,"flash_crash",1768680093.0976453
578,1003,1003.2,1003.1,0.20000000000004547,"flash_crash",1768680093.107266
579,1003,1003.2,1003.1,0.20000000000004547,"flash_crash",1768680093.1158428
580,1003,1003.1,1003.05,0.10000000000002274,"flash_crash",1768680093.1203644
581,1003,1003.2,1003.1,0.20000000000004547,"flash_crash",1768680093.127386
582,1003,1003.2,1003.1,0.20000000000004547,"flash_crash",1768680093.1353076
583,1002.5,1003.7,1003.1,1.2000000000000455,"flash_crash",1768680093.1435003
584,1002.8,1003.4,1003.0999999999999,0.6000000000000227,"flash_crash",1768680093.1497257
585,1002.7,1003.1,1002.9000000000001,0.39999999999997726,"flash_crash",1768680093.1564429
586,1002.6,1003.1,1002.85,0.5,"flash_crash",1768680093.162731
587,1002.7,1002.9,1002.8,0.1999999999999318,"flash_crash",1768680093.170843
588,1002.7,1002.9,1002.8,0.1999999999999318,"flash_crash",1768680093.1777396
589,1002.6,1002.9,1002.75,0.2999999999999545,"flash_crash",1768680093.1858208
590,1002.7,1002.9,1002.8,0.1999999999999318,"flash_crash",1768680093.1906562
591,1002.7,1002.9,1002.8,0.1999999999999318,"flash_crash",1768680093.1955724
592,1002.7,1002.9,1002.8,0.1999999999999318,"flash_crash",1768680093.2000983
593,1002.7,1002.9,1002.8,0.1999999999999318,"flash_crash",1768680093.2058952
594,1002.8,1002.9,1002.8499999999999,0.10000000000002274,"flash_crash",1768680093.209241
595,1002.8,1002.9,1002.8499999999999,0.10000000000002274,"flash_crash",1768680093.2124186
596,1002.8,1002.9,1002.8499999999999,0.10000000000002274,"flash_crash",1768680093.216595
597,1002.8,1002.9,1002.8499999999999,0.10000000000002274,"flash_crash",1768680093.2201798
598,1002.8,1002.9,1002.8499999999999,0.10000000000002274,"flash_crash",1768680093.2235897
599,1002.8,1002.9,1002.8499999999999,0.10000000000002274,"flash_crash",1768680093.230331
600,1002.8,1002.9,1002.8499999999999,0.10000000000002274,"flash_crash",1768680093.234674
601,1002.8,1002.9,1002.8499999999999,0.10000000000002274,"flash_crash",1768680093.2401757
602,1002.8,1002.9,1002.8499999999999,0.10000000000002274,"flash_crash",1768680093.2433224
603,1002.8,1002.9,1002.8499999999999,0.10000000000002274,"flash_crash",1768680093.2467444
604,1002.8,1002.9,1002.8499999999999,0.10000000000002274,"flash_crash",1768680093.251141
605,1002.7,1002.9,1002.8,0.1999999999999318,"flash_crash",1768680093.2545714
606,1002.7,1002.9,1002.8,0.1999999999999318,"flash_crash",1768680093.2593205
607,1002.7,1002.9,1002.8,0.1999999999999318,"flash_crash",1768680093.2629635
608,1002.7,1002.9,1002.8,0.1999999999999318,"flash_crash",1768680093.2674854
609,1002.7,1002.9,1002.8,0.1999999999999318,"flash_crash",1768680093.2706103
610,1002.8,1002.9,1002.8499999999999,0.10000000000002274,"flash_crash",1768680093.2740855
611,1002.7,1003,1002.85,0.2999999999999545,"flash_crash",1768680093.2771804
612,1002.8,1003,1002.9,0.20000000000004547,"flash_crash",1768680093.2805471
613,1002.8,1003,1002.9,0.20000000000004547,"flash_crash",1768680093.28416
614,1002.9,1003,1002.95,0.10000000000002274,"flash_crash",1768680093.289796
615,1002.8,1003,1002.9,0.20000000000004547,"flash_crash",1768680093.2944758
616,1002.7,1003.1,1002.9000000000001,0.39999999999997726,"flash_crash",1768680093.2985942
617,1002.6,1003.2,1002.9000000000001,0.6000000000000227,"flash_crash",1768680093.3036137
618,1002.6,1003.2,1002.9000000000001,0.6000000000000227,"flash_crash",1768680093.3069513
619,1002.9,1003,1002.95,0.10000000000002274,"flash_crash",1768680093.3106954
620,1002.9,1003.1,1003,0.20000000000004547,"flash_crash",1768680093.313926
621,1002.9,1003.1,1003,0.20000000000004547,"flash_crash",1768680093.3175473
622,1002.9,1003,1002.95,0.10000000000002274,"flash_crash",1768680093.3226633
623,1002.9,1003,1002.95,0.10000000000002274,"flash_crash",1768680093.326609
624,1002.9,1003.1,1003,0.20000000000004547,"flash_crash",1768680093.3308568
625,1003,1003.1,1003.05,0.10000000000002274,"flash_crash",1768680093.3342946
626,1002.9,1003.1,1003,0.20000000000004547,"flash_crash",1768680093.3375237
627,1002.9,1003,1002.95,0.10000000000002274,"flash_crash",1768680093.3409345
628,1002.9,1003,1002.95,0.10000000000002274,"flash_crash",1768680093.344439
629,1002.9,1003,1002.95,0.10000000000002274,"flash_crash",1768680093.3486114
630,1002.9,1003,1002.95,0.10000000000002274,"flash_crash",1768680093.3517027
631,1002.9,1003,1002.95,0.10000000000002274,"flash_crash",1768680093.3554683
632,1002.9,1003.1,1003,0.20000000000004547,"flash_crash",1768680093.3608928
633,1002.8,1003.1,1002.95,0.3000000000000682,"flash_crash",1768680093.3658392
634,1002.8,1003,1002.9,0.20000000000004547,"flash_crash",1768680093.3688307
635,1002.8,1003,1002.9,0.20000000000004547,"flash_crash",1768680093.3724887
636,1002.6,1003,1002.8,0.39999999999997726,"flash_crash",1768680093.3775103
637,1002.8,1003,1002.9,0.20000000000004547,"flash_crash",1768680093.381291
638,1002.8,1003,1002.9,0.20000000000004547,"flash_crash",1768680093.3849292
639,1002.8,1003,1002.9,0.20000000000004547,"flash_crash",1768680093.3884823
640,1002.8,1003,1002.9,0.20000000000004547,"flash_crash",1768680093.392652
641,1002.8,1003,1002.9,0.20000000000004547,"flash_crash",1768680093.3960867
642,1002.8,1003,1002.9,0.20000000000004547,"flash_crash",1768680093.3995452
643,1002.8,1003,1002.9,0.20000000000004547,"flash_crash",1768680093.4037957
644,1002.8,1003,1002.9,0.20000000000004547,"flash_crash",1768680093.407067
645,1002.8,1003,1002.9,0.20000000000004547,"flash_crash",1768680093.4106092
646,1002.8,1003,1002.9,0.20000000000004547,"flash_crash",1768680093.4151232
647,1002.8,1003,1002.9,0.20000000000004547,"flash_crash",1768680093.4191778
648,1002.8,1003,1002.9,0.20000000000004547,"flash_crash",1768680093.4221504
649,1002.8,1003,1002.9,0.20000000000004547,"flash_crash",1768680093.4260995
650,1002.8,1003,1002.9,0.20000000000004547,"flash_crash",1768680093.4297812
651,1002.8,1003,1002.9,0.20000000000004547,"flash_crash",1768680093.4335122
652,1002.8,1003,1002.9,0.20000000000004547,"flash_crash",1768680093.436665
653,1002.8,1002.9,1002.8499999999999,0.10000000000002274,"flash_crash",1768680093.440294
654,1002.7,1002.9,1002.8,0.1999999999999318,"flash_crash",1768680093.44442
655,1002.8,1002.9,1002.8499999999999,0.10000000000002274,"flash_crash",1768680093.4475663
656,1002.8,1002.9,1002.8499999999999,0.10000000000002274,"flash_crash",1768680093.4520595
657,1002.8,1003.2,1003,0.40000000000009095,"flash_crash",1768680093.4553683
658,1002.8,1003.2,1003,0.40000000000009095,"flash_crash",1768680093.4586723
659,1003,1003.2,1003.1,0.20000000000004547,"flash_crash",1768680093.4626954
660,1003.1,1003.2,1003.1500000000001,0.10000000000002274,"flash_crash",1768680093.4664676
661,1003.1,1003.7,1003.4000000000001,0.6000000000000227,"flash_crash",1768680093.470902
662,1003.1,1003.7,1003.4000000000001,0.6000000000000227,"flash_crash",1768680093.474375
663,1003.1,1003.7,1003.4000000000001,0.6000000000000227,"flash_crash",1768680093.4794557
664,1003.1,1003.7,1003.4000000000001,0.6000000000000227,"flash_crash",1768680093.4855838
665,1003.3,1003.5,1003.4,0.20000000000004547,"flash_crash",1768680093.4895906
666,1003.1,1003.7,1003.4000000000001,0.6000000000000227,"flash_crash",1768680093.493968
667,1003.1,1003.7,1003.4000000000001,0.6000000000000227,"flash_crash",1768680093.4987655
668,1003.1,1003.7,1003.4000000000001,0.6000000000000227,"flash_crash",1768680093.5025303
669,1003.3,1003.5,1003.4,0.20000000000004547,"flash_crash",1768680093.5057068
670,1003.4,1003.6,1003.5,0.20000000000004547,"flash_crash",1768680093.5094385
671,1003.4,1003.6,1003.5,0.20000000000004547,"flash_crash",1768680093.5127835
672,1003.5,1003.6,1003.55,0.10000000000002274,"flash_crash",1768680093.5159867
673,1003.5,1003.6,1003.55,0.10000000000002274,"flash_crash",1768680093.5190144
674,1003.5,1003.6,1003.55,0.10000000000002274,"flash_crash",1768680093.5226681
675,1003.5,1003.6,1003.55,0.10000000000002274,"flash_crash",1768680093.5275712
676,1003.5,1003.6,1003.55,0.10000000000002274,"flash_crash",1768680093.5318072
677,1003.5,1003.6,1003.55,0.10000000000002274,"flash_crash",1768680093.5360327
678,1003.5,1003.6,1003.55,0.10000000000002274,"flash_crash",1768680093.5406961
679,1003.5,1003.6,1003.55,0.10000000000002274,"flash_crash",1768680093.5453234
680,1003.2,1003.6,1003.4000000000001,0.39999999999997726,"flash_crash",1768680093.548777
681,1003.3,1003.5,1003.4,0.20000000000004547,"flash_crash",1768680093.5525181
682,1003,1003.8,1003.4,0.7999999999999545,"flash_crash",1768680093.5571492
683,1003,1003.8,1003.4,0.7999999999999545,"flash_crash",1768680093.5616164
684,1003.2,1003.6,1003.4000000000001,0.39999999999997726,"flash_crash",1768680093.565343
685,1003.3,1003.5,1003.4,0.20000000000004547,"flash_crash",1768680093.568392
686,1003.1,1003.7,1003.4000000000001,0.6000000000000227,"flash_crash",1768680093.5715802
687,1003.3,1003.5,1003.4,0.20000000000004547,"flash_crash",1768680093.5752285
688,1003.3,1003.5,1003.4,0.20000000000004547,"flash_crash",1768680093.5787036
689,1003.4,1003.5,1003.45,0.10000000000002274,"flash_crash",1768680093.582613
690,1003.4,1003.6,1003.5,0.20000000000004547,"flash_crash",1768680093.5887785
691,1003.4,1003.6,1003.5,0.20000000000004547,"flash_crash",1768680093.5934196
692,1003.4,1003.6,1003.5,0.20000000000004547,"flash_crash",1768680093.5976992
693,1003.4,1003.6,1003.5,0.20000000000004547,"flash_crash",1768680093.6029072
694,1003.1,1003.5,1003.3,0.39999999999997726,"flash_crash",1768680093.607023
695,1003.2,1003.3,1003.25,0.09999999999990905,"flash_crash",1768680093.6110332
696,1003.2,1003.3,1003.25,0.09999999999990905,"flash_crash",1768680093.6148758
697,1002.8,1003.3,1003.05,0.5,"flash_crash",1768680093.6180763
698,1002.8,1003.3,1003.05,0.5,"flash_crash",1768680093.6214354
699,1002.8,1003.3,1003.05,0.5,"flash_crash",1768680093.6243486
700,1003,1003.2,1003.1,0.20000000000004547,"flash_crash",1768680093.628066
701,1003,1003.2,1003.1,0.20000000000004547,"flash_crash",1768680093.6315458
702,1003,1003.2,1003.1,0.20000000000004547,"flash_crash",1768680093.6345456
703,1003,1003.2,1003.1,0.20000000000004547,"flash_crash",1768680093.6379938
704,1003,1003.2,1003.1,0.20000000000004547,"flash_crash",1768680093.6419861
705,1003,1003.2,1003.1,0.20000000000004547,"flash_crash",1768680093.6460373
706,1003,1003.1,1003.05,0.10000000000002274,"flash_crash",1768680093.649246
707,1002.9,1003.1,1003,0.20000000000004547,"flash_crash",1768680093.652946
708,1003,1003.1,1003.05,0.10000000000002274,"flash_crash",1768680093.6563945
709,1003,1003.1,1003.05,0.10000000000002274,"flash_crash",1768680093.6596584
710,1003,1003.1,1003.05,0.10000000000002274,"flash_crash",1768680093.6627808
711,1003,1003.1,1003.05,0.10000000000002274,"flash_crash",1768680093.6676016
712,1003,1003.1,1003.05,0.10000000000002274,"flash_crash",1768680093.6716723
713,1003,1003.1,1003.05,0.10000000000002274,"flash_crash",1768680093.6766224
714,1003,1003.1,1003.05,0.10000000000002274,"flash_crash",1768680093.679757
715,1003,1003.1,1003.05,0.10000000000002274,"flash_crash",1768680093.6832151
716,1003,1003.1,1003.05,0.10000000000002274,"flash_crash",1768680093.686553
717,1003,1003.2,1003.1,0.20000000000004547,"flash_crash",1768680093.6907349
718,1003,1003.1,1003.05,0.10000000000002274,"flash_crash",1768680093.6943338
719,1003,1003.1,1003.05,0.10000000000002274,"flash_crash",1768680093.698824
720,1003,1003.1,1003.05,0.10000000000002274,"flash_crash",1768680093.7029073
721,1003,1003.1,1003.05,0.10000000000002274,"flash_crash",1768680093.7072988
722,1003,1003.2,1003.1,0.20000000000004547,"flash_crash",1768680093.7116227
723,1003,1003.2,1003.1,0.20000000000004547,"flash_crash",1768680093.7168207
724,1003.1,1003.2,1003.1500000000001,0.10000000000002274,"flash_crash",1768680093.7229223
725,1003.1,1003.2,1003.1500000000001,0.10000000000002274,"flash_crash",1768680093.7266831
726,1003.1,1003.4,1003.25,0.2999999999999545,"flash_crash",1768680093.7318912
727,1003.1,1003.4,1003.25,0.2999999999999545,"flash_crash",1768680093.73546
728,1003.1,1003.4,1003.25,0.2999999999999545,"flash_crash",1768680093.7385333
729,1003.1,1003.4,1003.25,0.2999999999999545,"flash_crash",1768680093.7418394
730,1003.2,1003.4,1003.3,0.1999999999999318,"flash_crash",1768680093.7450695
731,1003.2,1003.4,1003.3,0.1999999999999318,"flash_crash",1768680093.7487593
732,1003.3,1003.4,1003.3499999999999,0.10000000000002274,"flash_crash",1768680093.7534788
733,1003.3,1003.4,1003.3499999999999,0.10000000000002274,"flash_crash",1768680093.7570868
734,1003.3,1003.5,1003.4,0.20000000000004547,"flash_crash",1768680093.761294
735,1003.3,1003.5,1003.4,0.20000000000004547,"flash_crash",1768680093.76493
736,1003.3,1003.6,1003.45,0.3000000000000682,"flash_crash",1768680093.7698557
737,1003.4,1003.6,1003.5,0.20000000000004547,"flash_crash",1768680093.7746158
738,1003.5,1003.6,1003.55,0.10000000000002274,"flash_crash",1768680093.7782986
739,1003.5,1003.8,1003.65,0.2999999999999545,"flash_crash",1768680093.7811918
740,1003.6,1003.8,1003.7,0.1999999999999318,"flash_crash",1768680093.784033
741,1003.6,1003.8,1003.7,0.1999999999999318,"flash_crash",1768680093.7875707
742,1003.6,1003.8,1003.7,0.1999999999999318,"flash_crash",1768680093.7906783
743,1003.6,1003.8,1003.7,0.1999999999999318,"flash_crash",1768680093.7938201
744,1003.6,1003.8,1003.7,0.1999999999999318,"flash_crash",1768680093.797537
745,1003.7,1003.8,1003.75,0.09999999999990905,"flash_crash",1768680093.8019643
746,1003.7,1003.9,1003.8,0.1999999999999318,"flash_crash",1768680093.8064206
747,1003.7,1003.9,1003.8,0.1999999999999318,"flash_crash",1768680093.810339
748,1003.8,1003.9,1003.8499999999999,0.10000000000002274,"flash_crash",1768680093.813478
749,1003.7,1003.9,1003.8,0.1999999999999318,"flash_crash",1768680093.8182814
750,1003.8,1003.9,1003.8499999999999,0.10000000000002274,"flash_crash",1768680093.8230455
751,1003.8,1003.9,1003.8499999999999,0.10000000000002274,"flash_crash",1768680093.8269525
752,1003.8,1003.9,1003.8499999999999,0.10000000000002274,"flash_crash",1768680093.8313577
753,1003.8,1003.9,1003.8499999999999,0.10000000000002274,"flash_crash",1768680093.836039
754,1003.8,1003.9,1003.8499999999999,0.10000000000002274,"flash_crash",1768680093.8408449
755,1003.8,1003.9,1003.8499999999999,0.10000000000002274,"flash_crash",1768680093.8457649
756,1003.8,1003.9,1003.8499999999999,0.10000000000002274,"flash_crash",1768680093.850129
757,1003.7,1003.9,1003.8,0.1999999999999318,"flash_crash",1768680093.854344
758,1003.7,1003.9,1003.8,0.1999999999999318,"flash_crash",1768680093.8587904
759,1003.7,1003.9,1003.8,0.1999999999999318,"flash_crash",1768680093.8619995
760,1003.7,1003.8,1003.75,0.09999999999990905,"flash_crash",1768680093.8662515
761,1003.3,1003.8,1003.55,0.5,"flash_crash",1768680093.8702798
762,1003.5,1003.7,1003.6,0.20000000000004547,"flash_crash",1768680093.8742375
763,1003.5,1003.7,1003.6,0.20000000000004547,"flash_crash",1768680093.8779294
764,1003.5,1003.7,1003.6,0.20000000000004547,"flash_crash",1768680093.881547
765,1003.5,1003.6,1003.55,0.10000000000002274,"flash_crash",1768680093.8855708
766,1003.2,1003.6,1003.4000000000001,0.39999999999997726,"flash_crash",1768680093.8900533
767,1003.3,1003.4,1003.3499999999999,0.10000000000002274,"flash_crash",1768680093.894743
768,1003.2,1003.4,1003.3,0.1999999999999318,"flash_crash",1768680093.900351
769,1003.2,1003.4,1003.3,0.1999999999999318,"flash_crash",1768680093.9040153
770,1003.3,1003.4,1003.3499999999999,0.10000000000002274,"flash_crash",1768680093.9096024
771,1003.3,1003.4,1003.3499999999999,0.10000000000002274,"flash_crash",1768680093.9138668
772,1003.3,1003.4,1003.3499999999999,0.10000000000002274,"flash_crash",1768680093.9180348
773,1003.2,1003.4,1003.3,0.1999999999999318,"flash_crash",1768680093.9212701
774,1003,1003.3,1003.15,0.2999999999999545,"flash_crash",1768680093.9245052
775,1003.1,1003.3,1003.2,0.1999999999999318,"flash_crash",1768680093.9285097
776,1003.2,1003.3,1003.25,0.09999999999990905,"flash_crash",1768680093.9339254
777,1003.2,1003.3,1003.25,0.09999999999990905,"flash_crash",1768680093.9379275
778,1003.2,1003.3,1003.25,0.09999999999990905,"flash_crash",1768680093.9412842
779,1003.2,1003.3,1003.25,0.09999999999990905,"flash_crash",1768680093.9454942
780,1003.2,1003.3,1003.25,0.09999999999990905,"flash_crash",1768680093.9507327
781,1003.2,1003.6,1003.4000000000001,0.39999999999997726,"flash_crash",1768680093.9538164
782,1003.2,1003.6,1003.4000000000001,0.39999999999997726,"flash_crash",1768680093.957394
783,1003.2,1003.4,1003.3,0.1999999999999318,"flash_crash",1768680093.9604402
784,1003.2,1003.4,1003.3,0.1999999999999318,"flash_crash",1768680093.964567
785,1003.2,1003.4,1003.3,0.1999999999999318,"flash_crash",1768680093.9686704
786,1003.1,1003.4,1003.25,0.2999999999999545,"flash_crash",1768680093.9721084
787,1003.2,1003.4,1003.3,0.1999999999999318,"flash_crash",1768680093.9787767
788,1003.2,1003.4,1003.3,0.1999999999999318,"flash_crash",1768680093.9832156
789,1003.2,1003.4,1003.3,0.1999999999999318,"flash_crash",1768680093.9871492
790,1003.2,1003.3,1003.25,0.09999999999990905,"flash_crash",1768680093.9905653
791,1003,1003.4,1003.2,0.39999999999997726,"flash_crash",1768680093.993718
792,1003.1,1003.3,1003.2,0.1999999999999318,"flash_crash",1768680093.9969323
793,1002.7,1003.7,1003.2,1,"flash_crash",1768680094.0000615
794,1003.1,1003.3,1003.2,0.1999999999999318,"flash_crash",1768680094.0035057
795,1003.1,1003.3,1003.2,0.1999999999999318,"flash_crash",1768680094.0067403
796,1003.2,1003.3,1003.25,0.09999999999990905,"flash_crash",1768680094.0106113
797,1003.2,1003.4,1003.3,0.1999999999999318,"flash_crash",1768680094.0139205
798,1003.2,1003.3,1003.25,0.09999999999990905,"flash_crash",1768680094.017683
799,1003.2,1003.3,1003.25,0.09999999999990905,"flash_crash",1768680094.021658
800,1003.2,1003.3,1003.25,0.09999999999990905,"flash_crash",1768680094.0249765
801,1003.2,1003.3,1003.25,0.09999999999990905,"flash_crash",1768680094.028253
802,1003.2,1003.3,1003.25,0.09999999999990905,"flash_crash",1768680094.031609
803,1003.2,1003.3,1003.25,0.09999999999990905,"flash_crash",1768680094.0351498
804,1003.2,1003.3,1003.25,0.09999999999990905,"flash_crash",1768680094.0384066
805,1003.2,1003.4,1003.3,0.1999999999999318,"flash_crash",1768680094.0417116
806,1003.2,1003.4,1003.3,0.1999999999999318,"flash_crash",1768680094.045617
807,1003.2,1003.4,1003.3,0.1999999999999318,"flash_crash",1768680094.049079
808,1003.2,1003.4,1003.3,0.1999999999999318,"flash_crash",1768680094.0533445
809,1003.2,1003.5,1003.35,0.2999999999999545,"flash_crash",1768680094.0583737
810,1003.3,1003.5,1003.4,0.20000000000004547,"flash_crash",1768680094.0616703
811,1003.3,1003.7,1003.5,0.40000000000009095,"flash_crash",1768680094.0665526
812,1003.4,1003.5,1003.45,0.10000000000002274,"flash_crash",1768680094.0707705
813,1003.4,1003.5,1003.45,0.10000000000002274,"flash_crash",1768680094.0753329
814,1003.4,1003.5,1003.45,0.10000000000002274,"flash_crash",1768680094.0805683
815,1003.4,1003.5,1003.45,0.10000000000002274,"flash_crash",1768680094.0848732
816,1003.4,1003.5,1003.45,0.10000000000002274,"flash_crash",1768680094.0892684
817,1003.4,1003.5,1003.45,0.10000000000002274,"flash_crash",1768680094.0937557
818,1003.4,1003.6,1003.5,0.20000000000004547,"flash_crash",1768680094.098007
819,1003.4,1003.6,1003.5,0.20000000000004547,"flash_crash",1768680094.1013756
820,1003.3,1003.7,1003.5,0.40000000000009095,"flash_crash",1768680094.104868
821,1003.3,1003.7,1003.5,0.40000000000009095,"flash_crash",1768680094.1080658
822,1003.3,1003.7,1003.5,0.40000000000009095,"flash_crash",1768680094.1114216
823,1003.4,1003.6,1003.5,0.20000000000004547,"flash_crash",1768680094.114792
824,1003.4,1003.6,1003.5,0.20000000000004547,"flash_crash",1768680094.118661
825,1003.4,1003.6,1003.5,0.20000000000004547,"flash_crash",1768680094.1220617
826,1003,1004,1003.5,1,"flash_crash",1768680094.12499
827,1003.2,1003.8,1003.5,0.599999999999909,"flash_crash",1768680094.1288018
828,1003.2,1003.8,1003.5,0.599999999999909,"flash_crash",1768680094.1351192
829,1003.3,1003.7,1003.5,0.40000000000009095,"flash_crash",1768680094.1381655
830,1003.4,1003.6,1003.5,0.20000000000004547,"flash_crash",1768680094.1414495
831,1003.4,1003.6,1003.5,0.20000000000004547,"flash_crash",1768680094.1448038
832,1003.4,1003.6,1003.5,0.20000000000004547,"flash_crash",1768680094.1489909
833,1003.4,1003.6,1003.5,0.20000000000004547,"flash_crash",1768680094.1520922
834,1003.4,1003.6,1003.5,0.20000000000004547,"flash_crash",1768680094.1553895
835,1003.4,1003.6,1003.5,0.20000000000004547,"flash_crash",1768680094.1615987
836,1003.4,1003.6,1003.5,0.20000000000004547,"flash_crash",1768680094.1658854
837,1003.1,1003.9,1003.5,0.7999999999999545,"flash_crash",1768680094.169045
838,1003.4,1003.6,1003.5,0.20000000000004547,"flash_crash",1768680094.172145
839,1003.4,1003.6,1003.5,0.20000000000004547,"flash_crash",1768680094.1771603
840,1003.4,1003.6,1003.5,0.20000000000004547,"flash_crash",1768680094.1813793
841,1003.4,1003.6,1003.5,0.20000000000004547,"flash_crash",1768680094.1846209
842,1003.5,1003.6,1003.55,0.10000000000002274,"flash_crash",1768680094.1891484
843,1003.5,1003.7,1003.6,0.20000000000004547,"flash_crash",1768680094.1922674
844,1003.5,1003.7,1003.6,0.20000000000004547,"flash_crash",1768680094.1956036
845,1003.5,1003.7,1003.6,0.20000000000004547,"flash_crash",1768680094.1990483
846,1003.5,1003.7,1003.6,0.20000000000004547,"flash_crash",1768680094.202016
847,1003.4,1003.6,1003.5,0.20000000000004547,"flash_crash",1768680094.2060685
848,1003.4,1003.6,1003.5,0.20000000000004547,"flash_crash",1768680094.2101314
849,1003.4,1003.6,1003.5,0.20000000000004547,"flash_crash",1768680094.213534
850,1003.4,1003.6,1003.5,0.20000000000004547,"flash_crash",1768680094.2179415
851,1003.4,1003.6,1003.5,0.20000000000004547,"flash_crash",1768680094.2235444
852,1003.2,1003.6,1003.4000000000001,0.39999999999997726,"flash_crash",1768680094.227052
853,1003.2,1003.6,1003.4000000000001,0.39999999999997726,"flash_crash",1768680094.2301517
854,1003.4,1003.6,1003.5,0.20000000000004547,"flash_crash",1768680094.2364924
855,1003.4,1003.6,1003.5,0.20000000000004547,"flash_crash",1768680094.2403224
856,1003.4,1003.6,1003.5,0.20000000000004547,"flash_crash",1768680094.2436686
857,1003.4,1003.6,1003.5,0.20000000000004547,"flash_crash",1768680094.2483861
858,1003.2,1003.8,1003.5,0.599999999999909,"flash_crash",1768680094.2521672
859,1003.5,1003.6,1003.55,0.10000000000002274,"flash_crash",1768680094.2567134
860,1003.5,1003.6,1003.55,0.10000000000002274,"flash_crash",1768680094.2601125
861,1003.5,1003.6,1003.55,0.10000000000002274,"flash_crash",1768680094.2637725
862,1003.5,1003.6,1003.55,0.10000000000002274,"flash_crash",1768680094.267333
863,1003.5,1003.6,1003.55,0.10000000000002274,"flash_crash",1768680094.27078
864,1003.3,1003.6,1003.45,0.3000000000000682,"flash_crash",1768680094.2739933
865,1003.2,1003.6,1003.4000000000001,0.39999999999997726,"flash_crash",1768680094.277034
866,1003.4,1003.6,1003.5,0.20000000000004547,"flash_crash",1768680094.2817218
867,1003.4,1003.6,1003.5,0.20000000000004547,"flash_crash",1768680094.286869
868,1003.4,1003.5,1003.45,0.10000000000002274,"flash_crash",1768680094.2912052
869,1003.4,1003.5,1003.45,0.10000000000002274,"flash_crash",1768680094.2959712
870,1003.4,1003.5,1003.45,0.10000000000002274,"flash_crash",1768680094.3010793
871,1003.4,1003.5,1003.45,0.10000000000002274,"flash_crash",1768680094.3045456
872,1003.4,1003.5,1003.45,0.10000000000002274,"flash_crash",1768680094.3079476
873,1003.4,1003.5,1003.45,0.10000000000002274,"flash_crash",1768680094.311268
874,1003.4,1003.5,1003.45,0.10000000000002274,"flash_crash",1768680094.3140998
875,1003.4,1003.5,1003.45,0.10000000000002274,"flash_crash",1768680094.3177059
876,1003.4,1003.5,1003.45,0.10000000000002274,"flash_crash",1768680094.3211062
877,1003.4,1003.5,1003.45,0.10000000000002274,"flash_crash",1768680094.3243675
878,1003.4,1003.5,1003.45,0.10000000000002274,"flash_crash",1768680094.3277214
879,1003.4,1003.5,1003.45,0.10000000000002274,"flash_crash",1768680094.3317428
880,1003.4,1003.5,1003.45,0.10000000000002274,"flash_crash",1768680094.335935
881,1003.4,1003.6,1003.5,0.20000000000004547,"flash_crash",1768680094.339182
882,1003.4,1003.6,1003.5,0.20000000000004547,"flash_crash",1768680094.3426948
883,1003.4,1003.8,1003.5999999999999,0.39999999999997726,"flash_crash",1768680094.3461385
884,1003.5,1003.7,1003.6,0.20000000000004547,"flash_crash",1768680094.3496754
885,1003.6,1003.8,1003.7,0.1999999999999318,"flash_crash",1768680094.3537695
886,1003.6,1003.7,1003.6500000000001,0.10000000000002274,"flash_crash",1768680094.3594048
887,1003.6,1003.7,1003.6500000000001,0.10000000000002274,"flash_crash",1768680094.3638582
888,1003.6,1003.7,1003.6500000000001,0.10000000000002274,"flash_crash",1768680094.3687406
889,1003.6,1003.7,1003.6500000000001,0.10000000000002274,"flash_crash",1768680094.3722613
890,1003.6,1003.7,1003.6500000000001,0.10000000000002274,"flash_crash",1768680094.3755155
891,1003.6,1003.7,1003.6500000000001,0.10000000000002274,"flash_crash",1768680094.3791068
892,1003.3,1003.7,1003.5,0.40000000000009095,"flash_crash",1768680094.3824124
893,1003.4,1003.6,1003.5,0.20000000000004547,"flash_crash",1768680094.3861623
894,1003.4,1003.6,1003.5,0.20000000000004547,"flash_crash",1768680094.3898518
895,1003.4,1003.6,1003.5,0.20000000000004547,"flash_crash",1768680094.3932347
896,1003.3,1003.7,1003.5,0.40000000000009095,"flash_crash",1768680094.396563
897,1003.3,1003.7,1003.5,0.40000000000009095,"flash_crash",1768680094.399763
898,1003.2,1003.8,1003.5,0.599999999999909,"flash_crash",1768680094.4032695
899,1003.4,1003.6,1003.5,0.20000000000004547,"flash_crash",1768680094.4066687
900,1003.4,1003.6,1003.5,0.20000000000004547,"flash_crash",1768680094.4105644
901,1003.4,1003.6,1003.5,0.20000000000004547,"flash_crash",1768680094.4139235
902,1003.4,1003.6,1003.5,0.20000000000004547,"flash_crash",1768680094.4173427
903,1003.5,1003.6,1003.55,0.10000000000002274,"flash_crash",1768680094.4211712
904,1003.5,1003.7,1003.6,0.20000000000004547,"flash_crash",1768680094.4256985
905,1003.5,1003.6,1003.55,0.10000000000002274,"flash_crash",1768680094.429513
906,1003.5,1003.7,1003.6,0.20000000000004547,"flash_crash",1768680094.432559
907,1003.5,1003.7,1003.6,0.20000000000004547,"flash_crash",1768680094.4373577
908,1003.5,1003.7,1003.6,0.20000000000004547,"flash_crash",1768680094.4420617
909,1003.5,1003.7,1003.6,0.20000000000004547,"flash_crash",1768680094.446081
910,1003.5,1003.7,1003.6,0.20000000000004547,"flash_crash",1768680094.4499788
911,1003.5,1003.7,1003.6,0.20000000000004547,"flash_crash",1768680094.4536543
912,1003.5,1003.7,1003.6,0.20000000000004547,"flash_crash",1768680094.4570045
913,1003.5,1003.7,1003.6,0.20000000000004547,"flash_crash",1768680094.4603915
914,1003.5,1003.7,1003.6,0.20000000000004547,"flash_crash",1768680094.463969
915,1003.5,1003.7,1003.6,0.20000000000004547,"flash_crash",1768680094.4672172
916,1003.5,1003.7,1003.6,0.20000000000004547,"flash_crash",1768680094.4707396
917,1003.4,1003.8,1003.5999999999999,0.39999999999997726,"flash_crash",1768680094.474603
918,1003.4,1003.8,1003.5999999999999,0.39999999999997726,"flash_crash",1768680094.4783332
919,1003.6,1003.7,1003.6500000000001,0.10000000000002274,"flash_crash",1768680094.4823093
920,1003.6,1003.8,1003.7,0.1999999999999318,"flash_crash",1768680094.4862156
921,1003.6,1003.8,1003.7,0.1999999999999318,"flash_crash",1768680094.4946814
922,1003.1,1004.3,1003.7,1.1999999999999318,"flash_crash",1768680094.4990287
923,1003.3,1004.1,1003.7,0.8000000000000682,"flash_crash",1768680094.502472
924,1003.4,1004,1003.7,0.6000000000000227,"flash_crash",1768680094.5061646
925,1003.6,1003.8,1003.7,0.1999999999999318,"flash_crash",1768680094.5095942
926,1003.6,1003.8,1003.7,0.1999999999999318,"flash_crash",1768680094.5144176
927,1003.1,1004.3,1003.7,1.1999999999999318,"flash_crash",1768680094.517615
928,1003.4,1004,1003.7,0.6000000000000227,"flash_crash",1768680094.5208464
929,1003.6,1003.8,1003.7,0.1999999999999318,"flash_crash",1768680094.5238264
930,1003.6,1003.8,1003.7,0.1999999999999318,"flash_crash",1768680094.5271173
931,1003.6,1003.8,1003.7,0.1999999999999318,"flash_crash",1768680094.530296
932,1003.7,1003.8,1003.75,0.09999999999990905,"flash_crash",1768680094.533722
933,1003.7,1003.9,1003.8,0.1999999999999318,"flash_crash",1768680094.5372262
934,1003.7,1003.9,1003.8,0.1999999999999318,"flash_crash",1768680094.5411391
935,1003.7,1003.9,1003.8,0.1999999999999318,"flash_crash",1768680094.5444615
936,1003.7,1003.9,1003.8,0.1999999999999318,"flash_crash",1768680094.5477426
937,1003.8,1003.9,1003.8499999999999,0.10000000000002274,"flash_crash",1768680094.5508032
938,1003.8,1004,1003.9,0.20000000000004547,"flash_crash",1768680094.5542636
939,1003.8,1004.3,1004.05,0.5,"flash_crash",1768680094.557864
940,1003.8,1004.4,1004.0999999999999,0.6000000000000227,"flash_crash",1768680094.5610094
941,1004,1004.1,1004.05,0.10000000000002274,"flash_crash",1768680094.5647345
942,1004,1004.1,1004.05,0.10000000000002274,"flash_crash",1768680094.5680318
943,1004,1004.1,1004.05,0.10000000000002274,"flash_crash",1768680094.5713642
944,1003.9,1004.1,1004,0.20000000000004547,"flash_crash",1768680094.5755467
945,1003.9,1004.1,1004,0.20000000000004547,"flash_crash",1768680094.5793612
946,1003.8,1004.1,1003.95,0.3000000000000682,"flash_crash",1768680094.583137
947,1003.8,1004,1003.9,0.20000000000004547,"flash_crash",1768680094.5865145
948,1003.8,1004,1003.9,0.20000000000004547,"flash_crash",1768680094.5919387
949,1003.8,1004,1003.9,0.20000000000004547,"flash_crash",1768680094.59575
950,1003.8,1004,1003.9,0.20000000000004547,"flash_crash",1768680094.601396
951,1003.8,1004,1003.9,0.20000000000004547,"flash_crash",1768680094.6045318
952,1003.8,1004,1003.9,0.20000000000004547,"flash_crash",1768680094.6077633
953,1003.6,1004.2,1003.9000000000001,0.6000000000000227,"flash_crash",1768680094.6137938
954,1003.6,1004.2,1003.9000000000001,0.6000000000000227,"flash_crash",1768680094.617396
955,1003.7,1004.1,1003.9000000000001,0.39999999999997726,"flash_crash",1768680094.6212862
956,1003.9,1004.1,1004,0.20000000000004547,"flash_crash",1768680094.6245465
957,1003.8,1004,1003.9,0.20000000000004547,"flash_crash",1768680094.6285172
958,1003.8,1004,1003.9,0.20000000000004547,"flash_crash",1768680094.6316516
959,1003.9,1004,1003.95,0.10000000000002274,"flash_crash",1768680094.6365614
960,1003.9,1004.1,1004,0.20000000000004547,"flash_crash",1768680094.6411862
961,1003.9,1004.1,1004,0.20000000000004547,"flash_crash",1768680094.6457427
962,1003.9,1004.1,1004,0.20000000000004547,"flash_crash",1768680094.6564062
963,1003.9,1004,1003.95,0.10000000000002274,"flash_crash",1768680094.663258
964,1003.9,1004.1,1004,0.20000000000004547,"flash_crash",1768680094.6700387
965,1003.8,1004.1,1003.95,0.3000000000000682,"flash_crash",1768680094.6763315
966,1003.7,1004,1003.85,0.2999999999999545,"flash_crash",1768680094.682444
967,1003.7,1004,1003.85,0.2999999999999545,"flash_crash",1768680094.6915052
968,1003.8,1004,1003.9,0.20000000000004547,"flash_crash",1768680094.696891
969,1003.8,1004,1003.9,0.20000000000004547,"flash_crash",1768680094.7054381
970,1003.7,1004,1003.85,0.2999999999999545,"flash_crash",1768680094.7127528
971,1003.8,1004,1003.9,0.20000000000004547,"flash_crash",1768680094.719237
972,1003.8,1004,1003.9,0.20000000000004547,"flash_crash",1768680094.724471
973,1003.6,1004.2,1003.9000000000001,0.6000000000000227,"flash_crash",1768680094.7280138
974,1003.8,1004,1003.9,0.20000000000004547,"flash_crash",1768680094.7314517
975,1003.8,1004,1003.9,0.20000000000004547,"flash_crash",1768680094.7357786
976,1003.8,1004,1003.9,0.20000000000004547,"flash_crash",1768680094.7389524
977,1003.8,1004,1003.9,0.20000000000004547,"flash_crash",1768680094.7442524
978,1003.8,1004,1003.9,0.20000000000004547,"flash_crash",1768680094.7487214
979,1003.8,1004,1003.9,0.20000000000004547,"flash_crash",1768680094.756097
980,1003.8,1004,1003.9,0.20000000000004547,"flash_crash",1768680094.7593617
981,1003.7,1004.1,1003.9000000000001,0.39999999999997726,"flash_crash",1768680094.7631686
982,1003.8,1004,1003.9,0.20000000000004547,"flash_crash",1768680094.7678788
983,1003.8,1004,1003.9,0.20000000000004547,"flash_crash",1768680094.771762
984,1003.9,1004,1003.95,0.10000000000002274,"flash_crash",1768680094.774759
985,1003.9,1004.1,1004,0.20000000000004547,"flash_crash",1768680094.7787611
986,1003.9,1004.1,1004,0.20000000000004547,"flash_crash",1768680094.7834072
987,1003.9,1004.1,1004,0.20000000000004547,"flash_crash",1768680094.7874484
988,1003.7,1004.2,1003.95,0.5,"flash_crash",1768680094.790651
989,1003.6,1004.3,1003.95,0.6999999999999318,"flash_crash",1768680094.7943156
990,1003.7,1004.2,1003.95,0.5,"flash_crash",1768680094.797402
991,1003.7,1004,1003.85,0.2999999999999545,"flash_crash",1768680094.8010886
992,1003.8,1004,1003.9,0.20000000000004547,"flash_crash",1768680094.8051958
993,1003.4,1004.4,1003.9,1,"flash_crash",1768680094.808437
994,1003.4,1004.4,1003.9,1,"flash_crash",1768680094.8122683
995,1003.8,1004,1003.9,0.20000000000004547,"flash_crash",1768680094.8166628
996,1003.8,1004,1003.9,0.20000000000004547,"flash_crash",1768680094.8211746
997,1003.5,1004.3,1003.9,0.7999999999999545,"flash_crash",1768680094.824332
998,1003.7,1003.9,1003.8,0.1999999999999318,"flash_crash",1768680094.8274117
999,1003.7,1003.9,1003.8,0.1999999999999318,"flash_crash",1768680094.8310728
1000,1003.7,1003.9,1003.8,0.1999999999999318,"flash_crash",1768680094.8344812
1001,1003.7,1003.9,1003.8,0.1999999999999318,"flash_crash",1768680094.8379803
1002,1003.6,1004,1003.8,0.39999999999997726,"flash_crash",1768680094.84105
1003,1003.7,1003.8,1003.75,0.09999999999990905,"flash_crash",1768680094.8444993
1004,1003.7,1003.8,1003.75,0.09999999999990905,"flash_crash",1768680094.8476574
1005,1003.7,1003.9,1003.8,0.1999999999999318,"flash_crash",1768680094.8509638
1006,1003.7,1003.9,1003.8,0.1999999999999318,"flash_crash",1768680094.8543305
1007,1003.5,1004.1,1003.8,0.6000000000000227,"flash_crash",1768680094.858273
1008,1003.7,1003.9,1003.8,0.1999999999999318,"flash_crash",1768680094.861394
1009,1003.6,1004,1003.8,0.39999999999997726,"flash_crash",1768680094.8646634
1010,1003.6,1004,1003.8,0.39999999999997726,"flash_crash",1768680094.8679833
1011,1003.7,1003.9,1003.8,0.1999999999999318,"flash_crash",1768680094.87106
1012,1003.8,1003.9,1003.8499999999999,0.10000000000002274,"flash_crash",1768680094.874259
1013,1003.7,1003.9,1003.8,0.1999999999999318,"flash_crash",1768680094.8777058
1014,1003.7,1003.9,1003.8,0.1999999999999318,"flash_crash",1768680094.88168
1015,1003.7,1003.9,1003.8,0.1999999999999318,"flash_crash",1768680094.886588
1016,1003.7,1003.9,1003.8,0.1999999999999318,"flash_crash",1768680094.8900921
1017,1003.7,1003.9,1003.8,0.1999999999999318,"flash_crash",1768680094.8960962
1018,1003.7,1003.9,1003.8,0.1999999999999318,"flash_crash",1768680094.8993828
1019,1003.7,1003.9,1003.8,0.1999999999999318,"flash_crash",1768680094.9024782
1020,1003.5,1004.1,1003.8,0.6000000000000227,"flash_crash",1768680094.9057646
1021,1003.7,1003.9,1003.8,0.1999999999999318,"flash_crash",1768680094.9089975
1022,1003.7,1003.8,1003.75,0.09999999999990905,"flash_crash",1768680094.9121974
1023,1003.7,1003.8,1003.75,0.09999999999990905,"flash_crash",1768680094.9153583
1024,1003.7,1003.8,1003.75,0.09999999999990905,"flash_crash",1768680094.918562
1025,1003.7,1003.8,1003.75,0.09999999999990905,"flash_crash",1768680094.9219186
1026,1003.7,1003.8,1003.75,0.09999999999990905,"flash_crash",1768680094.9254403
1027,1003.7,1003.8,1003.75,0.09999999999990905,"flash_crash",1768680094.9290304
1028,1003.6,1003.8,1003.7,0.1999999999999318,"flash_crash",1768680094.9327755
1029,1003.7,1003.8,1003.75,0.09999999999990905,"flash_crash",1768680094.9363809
1030,1003.7,1003.9,1003.8,0.1999999999999318,"flash_crash",1768680094.9397607
1031,1003.7,1003.8,1003.75,0.09999999999990905,"flash_crash",1768680094.9429874
1032,1003.7,1003.8,1003.75,0.09999999999990905,"flash_crash",1768680094.9468853
1033,1003.7,1003.8,1003.75,0.09999999999990905,"flash_crash",1768680094.9504013
1034,1003.7,1003.8,1003.75,0.09999999999990905,"flash_crash",1768680094.9543674
1035,1003.7,1003.8,1003.75,0.09999999999990905,"flash_crash",1768680094.9584599
1036,1003.7,1003.8,1003.75,0.09999999999990905,"flash_crash",1768680094.96165
1037,1003.7,1003.8,1003.75,0.09999999999990905,"flash_crash",1768680094.9650376
1038,1003.7,1003.8,1003.75,0.09999999999990905,"flash_crash",1768680094.9703968
1039,1003.7,1003.8,1003.75,0.09999999999990905,"flash_crash",1768680094.974551
1040,1003.7,1003.8,1003.75,0.09999999999990905,"flash_crash",1768680094.9775891
1041,1003.7,1003.8,1003.75,0.09999999999990905,"flash_crash",1768680094.980913
1042,1003.6,1003.8,1003.7,0.1999999999999318,"flash_crash",1768680094.9845269
1043,1003.6,1003.7,1003.6500000000001,0.10000000000002274,"flash_crash",1768680094.9874518
1044,1003.6,1003.8,1003.7,0.1999999999999318,"flash_crash",1768680094.9908075
1045,1003.6,1003.8,1003.7,0.1999999999999318,"flash_crash",1768680094.9940403
1046,1003.4,1003.8,1003.5999999999999,0.39999999999997726,"flash_crash",1768680094.9986522
1047,1003.6,1003.7,1003.6500000000001,0.10000000000002274,"flash_crash",1768680095.0028443
1048,1003.6,1003.8,1003.7,0.1999999999999318,"flash_crash",1768680095.0066612
1049,1003.6,1003.8,1003.7,0.1999999999999318,"flash_crash",1768680095.0101357
1050,1003.6,1003.7,1003.6500000000001,0.10000000000002274,"flash_crash",1768680095.0134296
1051,1003.4,1003.7,1003.55,0.3000000000000682,"flash_crash",1768680095.016425
1052,1003.5,1003.7,1003.6,0.20000000000004547,"flash_crash",1768680095.0200984
1053,1003.5,1003.7,1003.6,0.20000000000004547,"flash_crash",1768680095.023116
1054,1003.5,1003.7,1003.6,0.20000000000004547,"flash_crash",1768680095.0263994
1055,1003.5,1003.7,1003.6,0.20000000000004547,"flash_crash",1768680095.029659
1056,1003.5,1003.7,1003.6,0.20000000000004547,"flash_crash",1768680095.0335214
1057,1003.5,1003.7,1003.6,0.20000000000004547,"flash_crash",1768680095.037435
1058,1003.5,1003.7,1003.6,0.20000000000004547,"flash_crash",1768680095.040537
1059,1003.4,1003.7,1003.55,0.3000000000000682,"flash_crash",1768680095.045602
1060,1003.4,1003.7,1003.55,0.3000000000000682,"flash_crash",1768680095.0500276
1061,1003.5,1003.7,1003.6,0.20000000000004547,"flash_crash",1768680095.053226
1062,1003.6,1003.7,1003.6500000000001,0.10000000000002274,"flash_crash",1768680095.0565014
1063,1003.6,1003.7,1003.6500000000001,0.10000000000002274,"flash_crash",1768680095.059536
1064,1003.6,1003.8,1003.7,0.1999999999999318,"flash_crash",1768680095.0625823
1065,1003.6,1003.7,1003.6500000000001,0.10000000000002274,"flash_crash",1768680095.0665505
1066,1003.6,1003.7,1003.6500000000001,0.10000000000002274,"flash_crash",1768680095.0705009
1067,1003.6,1003.9,1003.75,0.2999999999999545,"flash_crash",1768680095.0749319
1068,1003.6,1003.9,1003.75,0.2999999999999545,"flash_crash",1768680095.0805016
1069,1003.7,1003.9,1003.8,0.1999999999999318,"flash_crash",1768680095.0846155
1070,1003.7,1003.9,1003.8,0.1999999999999318,"flash_crash",1768680095.09026
1071,1003.7,1003.9,1003.8,0.1999999999999318,"flash_crash",1768680095.0933409
1072,1003.7,1003.9,1003.8,0.1999999999999318,"flash_crash",1768680095.096874
1073,1003.8,1003.9,1003.8499999999999,0.10000000000002274,"flash_crash",1768680095.1014228
1074,1003.8,1004,1003.9,0.20000000000004547,"flash_crash",1768680095.1045642
1075,1003.6,1004.1,1003.85,0.5,"flash_crash",1768680095.107931
1076,1003.6,1004.1,1003.85,0.5,"flash_crash",1768680095.112405
1077,1003.6,1004.1,1003.85,0.5,"flash_crash",1768680095.1154513
1078,1003.8,1004,1003.9,0.20000000000004547,"flash_crash",1768680095.119883
1079,1003.8,1004,1003.9,0.20000000000004547,"flash_crash",1768680095.1259496
1080,1003.8,1004,1003.9,0.20000000000004547,"flash_crash",1768680095.1291018
1081,1003.8,1004,1003.9,0.20000000000004547,"flash_crash",1768680095.132738
1082,1003.8,1004,1003.9,0.20000000000004547,"flash_crash",1768680095.1358767
1083,1003.9,1004,1003.95,0.10000000000002274,"flash_crash",1768680095.139299
1084,1003.9,1004,1003.95,0.10000000000002274,"flash_crash",1768680095.1437373
1085,1003.9,1004,1003.95,0.10000000000002274,"flash_crash",1768680095.1487076
1086,1003.9,1004,1003.95,0.10000000000002274,"flash_crash",1768680095.1534157
1087,1003.9,1004.1,1004,0.20000000000004547,"flash_crash",1768680095.1567566
1088,1003.9,1004,1003.95,0.10000000000002274,"flash_crash",1768680095.1609974
1089,1003.9,1004,1003.95,0.10000000000002274,"flash_crash",1768680095.1645238
1090,1003.9,1004,1003.95,0.10000000000002274,"flash_crash",1768680095.175652
1091,1003.9,1004,1003.95,0.10000000000002274,"flash_crash",1768680095.178804
1092,1003.9,1004,1003.95,0.10000000000002274,"flash_crash",1768680095.182738
1093,1003.9,1004.1,1004,0.20000000000004547,"flash_crash",1768680095.1860046
1094,1003.9,1004.1,1004,0.20000000000004547,"flash_crash",1768680095.1943874
1095,1003.9,1004.1,1004,0.20000000000004547,"flash_crash",1768680095.1993806
1096,1003.9,1004.1,1004,0.20000000000004547,"flash_crash",1768680095.2032173
1097,1003.9,1004.1,1004,0.20000000000004547,"flash_crash",1768680095.2068956
1098,1003.8,1004.2,1004,0.40000000000009095,"flash_crash",1768680095.2116644
1099,1003.9,1004.1,1004,0.20000000000004547,"flash_crash",1768680095.2157404
1100,1003.9,1004.1,1004,0.20000000000004547,"flash_crash",1768680095.2192535
1101,1003.7,1004.3,1004,0.599999999999909,"flash_crash",1768680095.2223163
1102,1003.9,1004.1,1004,0.20000000000004547,"flash_crash",1768680095.2256153
1103,1003.9,1004.1,1004,0.20000000000004547,"flash_crash",1768680095.2293277
1104,1003.9,1004.1,1004,0.20000000000004547,"flash_crash",1768680095.2326021
1105,1003.9,1004.1,1004,0.20000000000004547,"flash_crash",1768680095.2357895
1106,1003.9,1004,1003.95,0.10000000000002274,"flash_crash",1768680095.2392998
1107,1003.9,1004,1003.95,0.10000000000002274,"flash_crash",1768680095.2428093
1108,1003.9,1004.1,1004,0.20000000000004547,"flash_crash",1768680095.2460818
1109,1003.9,1004.1,1004,0.20000000000004547,"flash_crash",1768680095.2494242
1110,1003.9,1004,1003.95,0.10000000000002274,"flash_crash",1768680095.2530694
1111,1003.9,1004,1003.95,0.10000000000002274,"flash_crash",1768680095.256437
1112,1003.9,1004,1003.95,0.10000000000002274,"flash_crash",1768680095.2598429
1113,1003.8,1004.1,1003.95,0.3000000000000682,"flash_crash",1768680095.263437
1114,1003.9,1004.1,1004,0.20000000000004547,"flash_crash",1768680095.2669392
1115,1004,1004.1,1004.05,0.10000000000002274,"flash_crash",1768680095.2721214
1116,1004,1004.1,1004.05,0.10000000000002274,"flash_crash",1768680095.278742
1117,1004,1004.1,1004.05,0.10000000000002274,"flash_crash",1768680095.284729
1118,1004,1004.1,1004.05,0.10000000000002274,"flash_crash",1768680095.2889278
1119,1004,1004.1,1004.05,0.10000000000002274,"flash_crash",1768680095.2932708
1120,1004,1004.2,1004.1,0.20000000000004547,"flash_crash",1768680095.2972167
1121,1004,1004.2,1004.1,0.20000000000004547,"flash_crash",1768680095.3003612
1122,1004,1004.2,1004.1,0.20000000000004547,"flash_crash",1768680095.304005
1123,1004.1,1004.2,1004.1500000000001,0.10000000000002274,"flash_crash",1768680095.3083866
1124,1004.1,1004.2,1004.1500000000001,0.10000000000002274,"flash_crash",1768680095.3116767
1125,1004.1,1004.2,1004.1500000000001,0.10000000000002274,"flash_crash",1768680095.3149507
1126,1004.1,1004.3,1004.2,0.1999999999999318,"flash_crash",1768680095.3187435
1127,1004.2,1004.3,1004.25,0.09999999999990905,"flash_crash",1768680095.3224103
1128,1004.2,1004.3,1004.25,0.09999999999990905,"flash_crash",1768680095.325946
1129,1004.2,1004.3,1004.25,0.09999999999990905,"flash_crash",1768680095.3291304
1130,1004.2,1004.4,1004.3,0.1999999999999318,"flash_crash",1768680095.3323512
1131,1004.1,1004.3,1004.2,0.1999999999999318,"flash_crash",1768680095.3355129
1132,1004.1,1004.3,1004.2,0.1999999999999318,"flash_crash",1768680095.3391185
1133,1004.1,1004.3,1004.2,0.1999999999999318,"flash_crash",1768680095.3428423
1134,1004.1,1004.3,1004.2,0.1999999999999318,"flash_crash",1768680095.347046
1135,1004.1,1004.3,1004.2,0.1999999999999318,"flash_crash",1768680095.3516097
1136,1004,1004.4,1004.2,0.39999999999997726,"flash_crash",1768680095.3556564
1137,1003.8,1004.6,1004.2,0.8000000000000682,"flash_crash",1768680095.3590586
1138,1004.1,1004.2,1004.1500000000001,0.10000000000002274,"flash_crash",1768680095.3630817
1139,1004.1,1004.3,1004.2,0.1999999999999318,"flash_crash",1768680095.3668318
1140,1003.9,1004.2,1004.05,0.3000000000000682,"flash_crash",1768680095.3704717
1141,1004,1004.2,1004.1,0.20000000000004547,"flash_crash",1768680095.3748338
1142,1004,1004.2,1004.1,0.20000000000004547,"flash_crash",1768680095.3791244
1143,1004.1,1004.5,1004.3,0.39999999999997726,"flash_crash",1768680095.3831844
1144,1004.2,1004.3,1004.25,0.09999999999990905,"flash_crash",1768680095.3868484
1145,1004.2,1004.3,1004.25,0.09999999999990905,"flash_crash",1768680095.390127
1146,1004.2,1004.3,1004.25,0.09999999999990905,"flash_crash",1768680095.393306
1147,1004.2,1004.3,1004.25,0.09999999999990905,"flash_crash",1768680095.3967144
1148,1004.2,1004.4,1004.3,0.1999999999999318,"flash_crash",1768680095.4251103
1149,1004.2,1004.3,1004.25,0.09999999999990905,"flash_crash",1768680095.4293435
1150,1004.2,1004.3,1004.25,0.09999999999990905,"flash_crash",1768680095.4330382
1151,1004.1,1004.3,1004.2,0.1999999999999318,"flash_crash",1768680095.436142
1152,1004.1,1004.2,1004.1500000000001,0.10000000000002274,"flash_crash",1768680095.4397378
1153,1004.1,1004.3,1004.2,0.1999999999999318,"flash_crash",1768680095.4438753
1154,1004.1,1004.2,1004.1500000000001,0.10000000000002274,"flash_crash",1768680095.4471638
1155,1004.1,1004.2,1004.1500000000001,0.10000000000002274,"flash_crash",1768680095.4503639
1156,1004.1,1004.2,1004.1500000000001,0.10000000000002274,"flash_crash",1768680095.4536018
1157,1004.1,1004.2,1004.1500000000001,0.10000000000002274,"flash_crash",1768680095.4569094
1158,1004.1,1004.2,1004.1500000000001,0.10000000000002274,"flash_crash",1768680095.461749
1159,1004.1,1004.2,1004.1500000000001,0.10000000000002274,"flash_crash",1768680095.4665186
1160,1004.1,1004.2,1004.1500000000001,0.10000000000002274,"flash_crash",1768680095.4695585
1161,1004.1,1004.4,1004.25,0.2999999999999545,"flash_crash",1768680095.4728181
1162,1004.1,1004.3,1004.2,0.1999999999999318,"flash_crash",1768680095.4766078
1163,1004.1,1004.3,1004.2,0.1999999999999318,"flash_crash",1768680095.4836197
1164,1004.1,1004.3,1004.2,0.1999999999999318,"flash_crash",1768680095.4867604
1165,1004.2,1004.3,1004.25,0.09999999999990905,"flash_crash",1768680095.490245
1166,1004.2,1004.3,1004.25,0.09999999999990905,"flash_crash",1768680095.4933066
1167,1004.2,1004.3,1004.25,0.09999999999990905,"flash_crash",1768680095.49659
1168,1004.2,1004.3,1004.25,0.09999999999990905,"flash_crash",1768680095.5001795
1169,1004.2,1004.3,1004.25,0.09999999999990905,"flash_crash",1768680095.5051332
1170,1004.2,1004.3,1004.25,0.09999999999990905,"flash_crash",1768680095.5083005
1171,1004.2,1004.3,1004.25,0.09999999999990905,"flash_crash",1768680095.5130363
1172,1004.2,1004.3,1004.25,0.09999999999990905,"flash_crash",1768680095.5162854
1173,1004.2,1004.3,1004.25,0.09999999999990905,"flash_crash",1768680095.5200145
1174,1004.2,1004.3,1004.25,0.09999999999990905,"flash_crash",1768680095.5253308
1175,1004.2,1004.3,1004.25,0.09999999999990905,"flash_crash",1768680095.529422
1176,1004.2,1004.4,1004.3,0.1999999999999318,"flash_crash",1768680095.5329077
1177,1004.2,1004.4,1004.3,0.1999999999999318,"flash_crash",1768680095.5374584
1178,1004.2,1004.4,1004.3,0.1999999999999318,"flash_crash",1768680095.5414104
1179,1004.2,1004.4,1004.3,0.1999999999999318,"flash_crash",1768680095.5445476
1180,1004.2,1004.4,1004.3,0.1999999999999318,"flash_crash",1768680095.5483735
1181,1004.3,1004.4,1004.3499999999999,0.10000000000002274,"flash_crash",1768680095.5535963
1182,1004.3,1004.5,1004.4,0.20000000000004547,"flash_crash",1768680095.556965
1183,1004.3,1004.6,1004.45,0.3000000000000682,"flash_crash",1768680095.559844
1184,1004.4,1004.6,1004.5,0.20000000000004547,"flash_crash",1768680095.5634801
1185,1004.5,1004.7,1004.6,0.20000000000004547,"flash_crash",1768680095.5677838
1186,1004.5,1004.7,1004.6,0.20000000000004547,"flash_crash",1768680095.5710728
1187,1004.6,1004.7,1004.6500000000001,0.10000000000002274,"flash_crash",1768680095.5743644
1188,1004.6,1004.8,1004.7,0.1999999999999318,"flash_crash",1768680095.5787413
1189,1004.6,1005,1004.8,0.39999999999997726,"flash_crash",1768680095.5817595
1190,1004.6,1005,1004.8,0.39999999999997726,"flash_crash",1768680095.5853038
1191,1004.7,1004.8,1004.75,0.09999999999990905,"flash_crash",1768680095.5885534
1192,1004.7,1004.8,1004.75,0.09999999999990905,"flash_crash",1768680095.5930192
1193,1004.7,1004.8,1004.75,0.09999999999990905,"flash_crash",1768680095.59708
1194,1004.7,1004.8,1004.75,0.09999999999990905,"flash_crash",1768680095.6004663
1195,1004.7,1004.8,1004.75,0.09999999999990905,"flash_crash",1768680095.6044812
1196,1004.4,1004.8,1004.5999999999999,0.39999999999997726,"flash_crash",1768680095.6075323
1197,1004.3,1004.6,1004.45,0.3000000000000682,"flash_crash",1768680095.6106768
1198,1004.3,1004.6,1004.45,0.3000000000000682,"flash_crash",1768680095.6151307
1199,1004.2,1004.7,1004.45,0.5,"flash_crash",1768680095.618476
1200,1004.4,1004.6,1004.5,0.20000000000004547,"flash_crash",1768680095.6214638
1201,1004.4,1004.6,1004.5,0.20000000000004547,"flash_crash",1768680095.6249547
1202,1004.4,1004.6,1004.5,0.20000000000004547,"flash_crash",1768680095.6285
1203,1004.4,1004.6,1004.5,0.20000000000004547,"flash_crash",1768680095.632341
1204,1004.5,1004.6,1004.55,0.10000000000002274,"flash_crash",1768680095.6363544
1205,1004.5,1004.6,1004.55,0.10000000000002274,"flash_crash",1768680095.6396027
1206,1004.5,1004.6,1004.55,0.10000000000002274,"flash_crash",1768680095.642701
1207,1004.5,1004.6,1004.55,0.10000000000002274,"flash_crash",1768680095.6461499
1208,1004.5,1004.6,1004.55,0.10000000000002274,"flash_crash",1768680095.6493242
1209,1004.5,1004.6,1004.55,0.10000000000002274,"flash_crash",1768680095.6539495
1210,1004.5,1004.6,1004.55,0.10000000000002274,"flash_crash",1768680095.6581397
1211,1004.3,1004.6,1004.45,0.3000000000000682,"flash_crash",1768680095.6616974
1212,1004.4,1004.6,1004.5,0.20000000000004547,"flash_crash",1768680095.6661806
1213,1004.4,1004.5,1004.45,0.10000000000002274,"flash_crash",1768680095.669944
1214,1004.4,1004.5,1004.45,0.10000000000002274,"flash_crash",1768680095.6730928
1215,1004.3,1004.5,1004.4,0.20000000000004547,"flash_crash",1768680095.676445
1216,1004.3,1004.5,1004.4,0.20000000000004547,"flash_crash",1768680095.6795845
1217,1004.3,1004.5,1004.4,0.20000000000004547,"flash_crash",1768680095.6833363
1218,1004.2,1004.5,1004.35,0.2999999999999545,"flash_crash",1768680095.6869066
1219,1004,1004.5,1004.25,0.5,"flash_crash",1768680095.6904328
1220,1004.2,1004.4,1004.3,0.1999999999999318,"flash_crash",1768680095.6935596
1221,1004.1,1004.5,1004.3,0.39999999999997726,"flash_crash",1768680095.6965985
1222,1004.1,1004.5,1004.3,0.39999999999997726,"flash_crash",1768680095.6999304
1223,1004.2,1004.4,1004.3,0.1999999999999318,"flash_crash",1768680095.703025
1224,1004.3,1004.4,1004.3499999999999,0.10000000000002274,"flash_crash",1768680095.7066696
1225,1004.3,1004.5,1004.4,0.20000000000004547,"flash_crash",1768680095.710787
1226,1004.3,1004.5,1004.4,0.20000000000004547,"flash_crash",1768680095.7157075
1227,1004.3,1004.5,1004.4,0.20000000000004547,"flash_crash",1768680095.7193851
1228,1004.4,1004.5,1004.45,0.10000000000002274,"flash_crash",1768680095.7230844
1229,1004.4,1004.5,1004.45,0.10000000000002274,"flash_crash",1768680095.728588
1230,1004.4,1004.5,1004.45,0.10000000000002274,"flash_crash",1768680095.7325985
1231,1004.3,1004.5,1004.4,0.20000000000004547,"flash_crash",1768680095.7360072
1232,1004.3,1004.5,1004.4,0.20000000000004547,"flash_crash",1768680095.7406464
1233,1004.3,1004.5,1004.4,0.20000000000004547,"flash_crash",1768680095.7455394
1234,1004.3,1004.4,1004.3499999999999,0.10000000000002274,"flash_crash",1768680095.74976
1235,1004.3,1004.4,1004.3499999999999,0.10000000000002274,"flash_crash",1768680095.7531195
1236,1004.3,1004.4,1004.3499999999999,0.10000000000002274,"flash_crash",1768680095.7573674
1237,1004.3,1004.4,1004.3499999999999,0.10000000000002274,"flash_crash",1768680095.760541
1238,1004.3,1004.4,1004.3499999999999,0.10000000000002274,"flash_crash",1768680095.7637322
1239,1004.3,1004.4,1004.3499999999999,0.10000000000002274,"flash_crash",1768680095.7677128
1240,1004.3,1004.4,1004.3499999999999,0.10000000000002274,"flash_crash",1768680095.7713714
1241,1004.3,1004.5,1004.4,0.20000000000004547,"flash_crash",1768680095.7750585
1242,1004.2,1004.4,1004.3,0.1999999999999318,"flash_crash",1768680095.77944
1243,1004.2,1004.4,1004.3,0.1999999999999318,"flash_crash",1768680095.7826219
1244,1004.3,1004.4,1004.3499999999999,0.10000000000002274,"flash_crash",1768680095.7861729
1245,1004.3,1004.4,1004.3499999999999,0.10000000000002274,"flash_crash",1768680095.7906058
1246,1004.3,1004.4,1004.3499999999999,0.10000000000002274,"flash_crash",1768680095.794916
1247,1004.3,1004.4,1004.3499999999999,0.10000000000002274,"flash_crash",1768680095.801084
1248,1004.3,1004.4,1004.3499999999999,0.10000000000002274,"flash_crash",1768680095.808828
1249,1004.3,1004.4,1004.3499999999999,0.10000000000002274,"flash_crash",1768680095.8125906
1250,1004.3,1004.4,1004.3499999999999,0.10000000000002274,"flash_crash",1768680095.8170016
1251,1004.3,1004.4,1004.3499999999999,0.10000000000002274,"flash_crash",1768680095.8222198
1252,1004.3,1004.4,1004.3499999999999,0.10000000000002274,"flash_crash",1768680095.8250074
1253,1004.3,1004.4,1004.3499999999999,0.10000000000002274,"flash_crash",1768680095.8288414
1254,1004.3,1004.4,1004.3499999999999,0.10000000000002274,"flash_crash",1768680095.8332374
1255,1004.3,1004.4,1004.3499999999999,0.10000000000002274,"flash_crash",1768680095.8374233
1256,1004.3,1004.4,1004.3499999999999,0.10000000000002274,"flash_crash",1768680095.84069
1257,1004.3,1004.4,1004.3499999999999,0.10000000000002274,"flash_crash",1768680095.844079
1258,1004.3,1004.4,1004.3499999999999,0.10000000000002274,"flash_crash",1768680095.8487449
1259,1004.3,1004.5,1004.4,0.20000000000004547,"flash_crash",1768680095.8549185
1260,1004.3,1004.7,1004.5,0.40000000000009095,"flash_crash",1768680095.8599129
