"step","bid","ask","mid","spread","scenario","timestamp"
0,0,0,0,0,"hft_dominated",1768680339.2772224
1,999.7,1000.3,1000,0.599999999999909,"hft_dominated",1768680339.2810767
2,999.5,1000.5,1000,1,"hft_dominated",1768680339.2855062
3,999.6,1000,999.8,0.39999999999997726,"hft_dominated",1768680339.2892969
4,999.6,1000,999.8,0.39999999999997726,"hft_dominated",1768680339.2929218
5,999.7,999.9,999.8,0.1999999999999318,"hft_dominated",1768680339.3014848
6,999.7,999.9,999.8,0.1999999999999318,"hft_dominated",1768680339.31041
7,999.8,999.9,999.8499999999999,0.10000000000002274,"hft_dominated",1768680339.3186946
8,999.8,1000,999.9,0.20000000000004547,"hft_dominated",1768680339.335388
9,999.8,1000.2,1000,0.40000000000009095,"hft_dominated",1768680339.3481798
10,999.9,1000.1,1000,0.20000000000004547,"hft_dominated",1768680339.3519466
11,999.8,1000.2,1000,0.40000000000009095,"hft_dominated",1768680339.3582406
12,999.8,1000.2,1000,0.40000000000009095,"hft_dominated",1768680339.3610682
13,999.8,1000.6,1000.2,0.8000000000000682,"hft_dominated",1768680339.3652725
14,999.8,1000.6,1000.2,0.8000000000000682,"hft_dominated",1768680339.3712106
15,999.8,1000.6,1000.2,0.8000000000000682,"hft_dominated",1768680339.381902
16,1000.1,1000.3,1000.2,0.1999999999999318,"hft_dominated",1768680339.3916056
17,1000.1,1000.3,1000.2,0.1999999999999318,"hft_dominated",1768680339.402027
18,1000,1000.4,1000.2,0.39999999999997726,"hft_dominated",1768680339.4158108
19,1000.1,1000.3,1000.2,0.1999999999999318,"hft_dominated",1768680339.424798
20,1000,1000.4,1000.2,0.39999999999997726,"hft_dominated",1768680339.4365127
21,999.6,1000.8,1000.2,1.1999999999999318,"hft_dominated",1768680339.4445775
22,999.6,1000.8,1000.2,1.1999999999999318,"hft_dominated",1768680339.453827
23,1000.1,1000.3,1000.2,0.1999999999999318,"hft_dominated",1768680339.460217
24,999.6,1000.8,1000.2,1.1999999999999318,"hft_dominated",1768680339.4670396
25,1000.1,1000.3,1000.2,0.1999999999999318,"hft_dominated",1768680339.472678
26,1000.1,1000.2,1000.1500000000001,0.10000000000002274,"hft_dominated",1768680339.4763196
27,999.9,1000.2,1000.05,0.3000000000000682,"hft_dominated",1768680339.4915292
28,1000,1000.2,1000.1,0.20000000000004547,"hft_dominated",1768680339.5003788
29,1000,1000.2,1000.1,0.20000000000004547,"hft_dominated",1768680339.511957
30,1000,1000.1,1000.05,0.10000000000002274,"hft_dominated",1768680339.5215416
31,1000,1000.1,1000.05,0.10000000000002274,"hft_dominated",1768680339.5302193
32,999.9,1000.1,1000,0.20000000000004547,"hft_dominated",1768680339.5376675
33,1000,1000.1,1000.05,0.10000000000002274,"hft_dominated",1768680339.548546
34,1000,1000.1,1000.05,0.10000000000002274,"hft_dominated",1768680339.555789
35,1000,1000.1,1000.05,0.10000000000002274,"hft_dominated",1768680339.563248
36,1000,1000.1,1000.05,0.10000000000002274,"hft_dominated",1768680339.5694954
37,1000,1000.1,1000.05,0.10000000000002274,"hft_dominated",1768680339.574218
38,1000,1000.1,1000.05,0.10000000000002274,"hft_dominated",1768680339.5812852
39,1000,1000.1,1000.05,0.10000000000002274,"hft_dominated",1768680339.5904992
40,1000,1000.2,1000.1,0.20000000000004547,"hft_dominated",1768680339.598958
41,1000,1000.2,1000.1,0.20000000000004547,"hft_dominated",1768680339.6102169
42,1000,1000.2,1000.1,0.20000000000004547,"hft_dominated",1768680339.6173213
43,1000,1000.2,1000.1,0.20000000000004547,"hft_dominated",1768680339.6271634
44,1000,1000.1,1000.05,0.10000000000002274,"hft_dominated",1768680339.6336193
45,1000,1000.1,1000.05,0.10000000000002274,"hft_dominated",1768680339.6474934
46,1000,1000.1,1000.05,0.10000000000002274,"hft_dominated",1768680339.6511893
47,1000,1000.1,1000.05,0.10000000000002274,"hft_dominated",1768680339.6555526
48,1000,1000.2,1000.1,0.20000000000004547,"hft_dominated",1768680339.6660056
49,1000,1000.2,1000.1,0.20000000000004547,"hft_dominated",1768680339.6781492
50,1000,1000.2,1000.1,0.20000000000004547,"hft_dominated",1768680339.6878328
51,1000,1000.2,1000.1,0.20000000000004547,"hft_dominated",1768680339.6989045
52,999.9,1000.3,1000.0999999999999,0.39999999999997726,"hft_dominated",1768680339.712874
53,1000.1,1000.2,1000.1500000000001,0.10000000000002274,"hft_dominated",1768680339.7211227
54,1000.1,1000.4,1000.25,0.2999999999999545,"hft_dominated",1768680339.7253964
55,1000.2,1000.4,1000.3,0.1999999999999318,"hft_dominated",1768680339.7293503
56,1000.2,1000.5,1000.35,0.2999999999999545,"hft_dominated",1768680339.7331896
57,1000.3,1000.5,1000.4,0.20000000000004547,"hft_dominated",1768680339.7394655
58,1000.3,1000.5,1000.4,0.20000000000004547,"hft_dominated",1768680339.7502573
59,1000.3,1000.5,1000.4,0.20000000000004547,"hft_dominated",1768680339.760102
60,1000.3,1000.5,1000.4,0.20000000000004547,"hft_dominated",1768680339.767858
61,1000,1000.4,1000.2,0.39999999999997726,"hft_dominated",1768680339.7760916
62,1000.1,1000.2,1000.1500000000001,0.10000000000002274,"hft_dominated",1768680339.7842002
63,1000,1000.2,1000.1,0.20000000000004547,"hft_dominated",1768680339.7918873
64,1000,1000.2,1000.1,0.20000000000004547,"hft_dominated",1768680339.8010707
65,999.3,1000.2,999.75,0.900000000000091,"hft_dominated",1768680339.805384
66,999.5,999.8,999.65,0.2999999999999545,"hft_dominated",1768680339.8095322
67,999.5,999.8,999.65,0.2999999999999545,"hft_dominated",1768680339.812086
68,999.2,999.8,999.5,0.599999999999909,"hft_dominated",1768680339.8164854
69,999.3,999.7,999.5,0.40000000000009095,"hft_dominated",1768680339.8210351
70,999.4,999.6,999.5,0.20000000000004547,"hft_dominated",1768680339.8241825
71,999.2,999.8,999.5,0.599999999999909,"hft_dominated",1768680339.8315043
72,999.4,999.5,999.45,0.10000000000002274,"hft_dominated",1768680339.8390543
73,999.1,999.5,999.3,0.39999999999997726,"hft_dominated",1768680339.8481057
74,999,999.5,999.25,0.5,"hft_dominated",1768680339.8535678
75,999.2,999.4,999.3,0.1999999999999318,"hft_dominated",1768680339.8619242
76,999.1,999.5,999.3,0.39999999999997726,"hft_dominated",1768680339.866252
77,999.2,999.4,999.3,0.1999999999999318,"hft_dominated",1768680339.8759527
78,999.2,999.4,999.3,0.1999999999999318,"hft_dominated",1768680339.8916628
79,999.2,999.4,999.3,0.1999999999999318,"hft_dominated",1768680339.898204
80,999.2,999.4,999.3,0.1999999999999318,"hft_dominated",1768680339.9018834
81,999.2,999.4,999.3,0.1999999999999318,"hft_dominated",1768680339.904933
82,999.3,999.4,999.3499999999999,0.10000000000002274,"hft_dominated",1768680339.9080784
83,999.3,999.5,999.4,0.20000000000004547,"hft_dominated",1768680339.9112222
84,999.3,999.5,999.4,0.20000000000004547,"hft_dominated",1768680339.918027
85,999.3,999.4,999.3499999999999,0.10000000000002274,"hft_dominated",1768680339.928002
86,999.2,999.4,999.3,0.1999999999999318,"hft_dominated",1768680339.939801
87,999,999.4,999.2,0.39999999999997726,"hft_dominated",1768680339.9445915
88,999.2,999.4,999.3,0.1999999999999318,"hft_dominated",1768680339.9530604
89,999.2,999.4,999.3,0.1999999999999318,"hft_dominated",1768680339.955942
90,999.2,999.5,999.35,0.2999999999999545,"hft_dominated",1768680339.9600391
91,999.2,999.4,999.3,0.1999999999999318,"hft_dominated",1768680339.9650116
92,999.2,999.4,999.3,0.1999999999999318,"hft_dominated",1768680339.9724536
93,999.2,999.4,999.3,0.1999999999999318,"hft_dominated",1768680339.9793973
94,999.2,999.4,999.3,0.1999999999999318,"hft_dominated",1768680339.988198
95,999,999.6,999.3,0.6000000000000227,"hft_dominated",1768680339.9944656
96,999.3,999.4,999.3499999999999,0.10000000000002274,"hft_dominated",1768680340.000643
97,999.3,999.5,999.4,0.20000000000004547,"hft_dominated",1768680340.0049481
98,999.3,999.6,999.45,0.3000000000000682,"hft_dominated",1768680340.0093277
99,999.3,999.5,999.4,0.20000000000004547,"hft_dominated",1768680340.0134556
100,999.3,999.5,999.4,0.20000000000004547,"hft_dominated",1768680340.0178528
101,999.3,999.5,999.4,0.20000000000004547,"hft_dominated",1768680340.0247102
102,999.3,999.5,999.4,0.20000000000004547,"hft_dominated",1768680340.0338647
103,999.3,999.5,999.4,0.20000000000004547,"hft_dominated",1768680340.04023
104,999.3,999.5,999.4,0.20000000000004547,"hft_dominated",1768680340.048914
105,999.3,999.5,999.4,0.20000000000004547,"hft_dominated",1768680340.0556564
106,999.3,999.4,999.3499999999999,0.10000000000002274,"hft_dominated",1768680340.0596578
107,999.3,999.4,999.3499999999999,0.10000000000002274,"hft_dominated",1768680340.0627663
108,999.1,999.4,999.25,0.2999999999999545,"hft_dominated",1768680340.0717087
109,999.1,999.3,999.2,0.1999999999999318,"hft_dominated",1768680340.0851645
110,999.2,999.3,999.25,0.09999999999990905,"hft_dominated",1768680340.0920708
111,999.2,999.3,999.25,0.09999999999990905,"hft_dominated",1768680340.0952332
112,999.2,999.3,999.25,0.09999999999990905,"hft_dominated",1768680340.0997012
113,999.2,999.3,999.25,0.09999999999990905,"hft_dominated",1768680340.1054177
114,999.2,999.3,999.25,0.09999999999990905,"hft_dominated",1768680340.1097775
115,999.2,999.3,999.25,0.09999999999990905,"hft_dominated",1768680340.122991
116,999.2,999.3,999.25,0.09999999999990905,"hft_dominated",1768680340.1328204
117,999.2,999.3,999.25,0.09999999999990905,"hft_dominated",1768680340.1409087
118,999.2,999.3,999.25,0.09999999999990905,"hft_dominated",1768680340.1443963
119,998.9,999.3,999.0999999999999,0.39999999999997726,"hft_dominated",1768680340.1477826
120,999,999.2,999.1,0.20000000000004547,"hft_dominated",1768680340.1519222
121,998.9,999.3,999.0999999999999,0.39999999999997726,"hft_dominated",1768680340.154877
122,998.9,999.3,999.0999999999999,0.39999999999997726,"hft_dominated",1768680340.1581964
123,998.8,999.3,999.05,0.5,"hft_dominated",1768680340.168038
124,999,999.2,999.1,0.20000000000004547,"hft_dominated",1768680340.17631
125,999,999.3,999.15,0.2999999999999545,"hft_dominated",1768680340.185672
126,999.1,999.3,999.2,0.1999999999999318,"hft_dominated",1768680340.1912801
127,999.1,999.3,999.2,0.1999999999999318,"hft_dominated",1768680340.1951916
128,999.1,999.3,999.2,0.1999999999999318,"hft_dominated",1768680340.1986737
129,999.1,999.3,999.2,0.1999999999999318,"hft_dominated",1768680340.204707
130,999.1,999.2,999.1500000000001,0.10000000000002274,"hft_dominated",1768680340.2127924
131,998.7,999.2,998.95,0.5,"hft_dominated",1768680340.2234974
132,998.7,999,998.85,0.2999999999999545,"hft_dominated",1768680340.2340477
133,998.8,998.9,998.8499999999999,0.10000000000002274,"hft_dominated",1768680340.2414346
134,998.7,998.9,998.8,0.1999999999999318,"hft_dominated",1768680340.2472062
135,998.3,998.9,998.5999999999999,0.6000000000000227,"hft_dominated",1768680340.2566643
136,998.5,998.7,998.6,0.20000000000004547,"hft_dominated",1768680340.2656226
137,998.5,998.7,998.6,0.20000000000004547,"hft_dominated",1768680340.2722044
138,998.4,998.8,998.5999999999999,0.39999999999997726,"hft_dominated",1768680340.2792192
139,998.5,998.7,998.6,0.20000000000004547,"hft_dominated",1768680340.2856193
140,998.5,998.7,998.6,0.20000000000004547,"hft_dominated",1768680340.2903903
141,998.5,998.7,998.6,0.20000000000004547,"hft_dominated",1768680340.2944248
142,998.5,998.7,998.6,0.20000000000004547,"hft_dominated",1768680340.2987912
143,998.3,998.9,998.5999999999999,0.6000000000000227,"hft_dominated",1768680340.3058355
144,998.5,998.7,998.6,0.20000000000004547,"hft_dominated",1768680340.3142638
145,998.4,998.8,998.5999999999999,0.39999999999997726,"hft_dominated",1768680340.3222444
146,998.5,998.7,998.6,0.20000000000004547,"hft_dominated",1768680340.3420541
147,998.5,998.7,998.6,0.20000000000004547,"hft_dominated",1768680340.3479536
148,998.5,998.7,998.6,0.20000000000004547,"hft_dominated",1768680340.356
149,998.5,998.6,998.55,0.10000000000002274,"hft_dominated",1768680340.3655822
150,998.4,998.6,998.5,0.20000000000004547,"hft_dominated",1768680340.375826
151,998.3,998.6,998.45,0.3000000000000682,"hft_dominated",1768680340.3921728
152,998.4,998.6,998.5,0.20000000000004547,"hft_dominated",1768680340.3977613
153,998.3,998.6,998.45,0.3000000000000682,"hft_dominated",1768680340.4034595
154,998.3,998.6,998.45,0.3000000000000682,"hft_dominated",1768680340.4206192
155,998,998.6,998.3,0.6000000000000227,"hft_dominated",1768680340.4313977
156,998.2,998.4,998.3,0.1999999999999318,"hft_dominated",1768680340.439932
157,998.2,998.4,998.3,0.1999999999999318,"hft_dominated",1768680340.4444125
158,998.2,998.4,998.3,0.1999999999999318,"hft_dominated",1768680340.4496672
159,998.3,998.4,998.3499999999999,0.10000000000002274,"hft_dominated",1768680340.4589589
160,998.3,998.7,998.5,0.40000000000009095,"hft_dominated",1768680340.4667952
161,998.3,998.8,998.55,0.5,"hft_dominated",1768680340.47437
162,998.3,998.6,998.45,0.3000000000000682,"hft_dominated",1768680340.4843302
163,998.4,998.6,998.5,0.20000000000004547,"hft_dominated",1768680340.4913568
164,998.3,998.7,998.5,0.40000000000009095,"hft_dominated",1768680340.4968138
165,998.4,998.6,998.5,0.20000000000004547,"hft_dominated",1768680340.5024114
166,998.4,998.6,998.5,0.20000000000004547,"hft_dominated",1768680340.5092528
167,998.4,998.6,998.5,0.20000000000004547,"hft_dominated",1768680340.5180788
168,998.4,998.6,998.5,0.20000000000004547,"hft_dominated",1768680340.52935
169,998.4,998.6,998.5,0.20000000000004547,"hft_dominated",1768680340.5382264
170,998.4,998.5,998.45,0.10000000000002274,"hft_dominated",1768680340.5458286
171,998.3,998.5,998.4,0.20000000000004547,"hft_dominated",1768680340.550249
172,998.3,998.5,998.4,0.20000000000004547,"hft_dominated",1768680340.5552614
173,998.4,998.5,998.45,0.10000000000002274,"hft_dominated",1768680340.5612833
174,998.4,998.5,998.45,0.10000000000002274,"hft_dominated",1768680340.5723376
175,998.4,998.5,998.45,0.10000000000002274,"hft_dominated",1768680340.5844188
176,998.4,998.5,998.45,0.10000000000002274,"hft_dominated",1768680340.5931132
177,998.4,998.5,998.45,0.10000000000002274,"hft_dominated",1768680340.5981233
178,998.4,998.5,998.45,0.10000000000002274,"hft_dominated",1768680340.6036222
179,998.4,998.5,998.45,0.10000000000002274,"hft_dominated",1768680340.6078672
180,998.4,998.6,998.5,0.20000000000004547,"hft_dominated",1768680340.6165998
181,998.4,998.8,998.5999999999999,0.39999999999997726,"hft_dominated",1768680340.6253035
182,998.5,998.7,998.6,0.20000000000004547,"hft_dominated",1768680340.6330435
183,998.5,998.7,998.6,0.20000000000004547,"hft_dominated",1768680340.6377532
184,998.5,998.6,998.55,0.10000000000002274,"hft_dominated",1768680340.643439
185,998.4,998.6,998.5,0.20000000000004547,"hft_dominated",1768680340.648456
186,998.4,998.6,998.5,0.20000000000004547,"hft_dominated",1768680340.6555653
187,998.4,998.6,998.5,0.20000000000004547,"hft_dominated",1768680340.6674092
188,998.4,998.6,998.5,0.20000000000004547,"hft_dominated",1768680340.6770015
189,998.4,998.6,998.5,0.20000000000004547,"hft_dominated",1768680340.6858158
190,998.4,998.6,998.5,0.20000000000004547,"hft_dominated",1768680340.6917968
191,998.5,998.7,998.6,0.20000000000004547,"hft_dominated",1768680340.6956193
192,998.4,998.7,998.55,0.3000000000000682,"hft_dominated",1768680340.700894
193,998.5,998.7,998.6,0.20000000000004547,"hft_dominated",1768680340.7114558
194,998.5,998.7,998.6,0.20000000000004547,"hft_dominated",1768680340.7273545
195,998.1,999.1,998.6,1,"hft_dominated",1768680340.738598
196,998.5,998.7,998.6,0.20000000000004547,"hft_dominated",1768680340.7435584
197,998.6,999,998.8,0.39999999999997726,"hft_dominated",1768680340.7512386
198,998.2,999.2,998.7,1,"hft_dominated",1768680340.755928
199,998.6,998.8,998.7,0.1999999999999318,"hft_dominated",1768680340.7641506
200,998.7,999,998.85,0.2999999999999545,"hft_dominated",1768680340.7733219
201,998.7,998.9,998.8,0.1999999999999318,"hft_dominated",1768680340.7833366
202,998.6,999,998.8,0.39999999999997726,"hft_dominated",1768680340.7934985
203,998.7,998.9,998.8,0.1999999999999318,"hft_dominated",1768680340.800202
204,998.7,998.8,998.75,0.09999999999990905,"hft_dominated",1768680340.8060458
205,998.5,998.8,998.65,0.2999999999999545,"hft_dominated",1768680340.8138149
206,998.6,998.8,998.7,0.1999999999999318,"hft_dominated",1768680340.8222535
207,998.6,998.8,998.7,0.1999999999999318,"hft_dominated",1768680340.833036
208,998.6,998.8,998.7,0.1999999999999318,"hft_dominated",1768680340.8426664
209,998.6,998.8,998.7,0.1999999999999318,"hft_dominated",1768680340.850214
210,998.6,998.8,998.7,0.1999999999999318,"hft_dominated",1768680340.8552334
211,998.5,998.9,998.7,0.39999999999997726,"hft_dominated",1768680340.8602579
212,998.7,998.9,998.8,0.1999999999999318,"hft_dominated",1768680340.8781974
213,998.7,998.9,998.8,0.1999999999999318,"hft_dominated",1768680340.8938375
214,998.7,999,998.85,0.2999999999999545,"hft_dominated",1768680340.9013476
215,998.8,999.6,999.2,0.8000000000000682,"hft_dominated",1768680340.9080741
216,999.1,999.3,999.2,0.1999999999999318,"hft_dominated",1768680340.9149506
217,999,999.4,999.2,0.39999999999997726,"hft_dominated",1768680340.9201245
218,999.1,999.3,999.2,0.1999999999999318,"hft_dominated",1768680340.935768
219,999.1,999.3,999.2,0.1999999999999318,"hft_dominated",1768680340.9539986
220,998.8,999.6,999.2,0.8000000000000682,"hft_dominated",1768680340.9648633
221,998.8,999.6,999.2,0.8000000000000682,"hft_dominated",1768680340.9711232
222,999.1,999.3,999.2,0.1999999999999318,"hft_dominated",1768680340.9773247
223,998.9,999.5,999.2,0.6000000000000227,"hft_dominated",1768680340.9827015
224,999,999.4,999.2,0.39999999999997726,"hft_dominated",1768680340.9882827
225,999,999.4,999.2,0.39999999999997726,"hft_dominated",1768680340.9950254
226,998.9,999.2,999.05,0.3000000000000682,"hft_dominated",1768680341.0022795
227,998.9,999.3,999.0999999999999,0.39999999999997726,"hft_dominated",1768680341.0143063
228,998.9,999.4,999.15,0.5,"hft_dominated",1768680341.0253534
229,999.1,999.2,999.1500000000001,0.10000000000002274,"hft_dominated",1768680341.0289886
230,999.1,999.2,999.1500000000001,0.10000000000002274,"hft_dominated",1768680341.0354729
231,999.1,999.2,999.1500000000001,0.10000000000002274,"hft_dominated",1768680341.0413713
232,999.1,999.3,999.2,0.1999999999999318,"hft_dominated",1768680341.0457478
233,999.1,999.3,999.2,0.1999999999999318,"hft_dominated",1768680341.0529962
234,999,999.4,999.2,0.39999999999997726,"hft_dominated",1768680341.0632808
235,999,999.4,999.2,0.39999999999997726,"hft_dominated",1768680341.0685868
236,998.7,999.7,999.2,1,"hft_dominated",1768680341.0750446
237,998.6,999.8,999.2,1.1999999999999318,"hft_dominated",1768680341.0807478
238,999.1,999.3,999.2,0.1999999999999318,"hft_dominated",1768680341.0873969
239,999.1,999.3,999.2,0.1999999999999318,"hft_dominated",1768680341.0926723
240,999.1,999.3,999.2,0.1999999999999318,"hft_dominated",1768680341.0987036
241,999.1,999.3,999.2,0.1999999999999318,"hft_dominated",1768680341.1044962
242,999.2,999.5,999.35,0.2999999999999545,"hft_dominated",1768680341.1102397
243,999.3,999.5,999.4,0.20000000000004547,"hft_dominated",1768680341.1147056
244,999.2,999.6,999.4000000000001,0.39999999999997726,"hft_dominated",1768680341.1207175
245,999.3,999.5,999.4,0.20000000000004547,"hft_dominated",1768680341.126038
246,999.2,999.7,999.45,0.5,"hft_dominated",1768680341.131814
247,999.2,999.8,999.5,0.599999999999909,"hft_dominated",1768680341.137051
248,999.3,999.7,999.5,0.40000000000009095,"hft_dominated",1768680341.1441987
249,999.4,999.6,999.5,0.20000000000004547,"hft_dominated",1768680341.1514833
250,999.4,999.5,999.45,0.10000000000002274,"hft_dominated",1768680341.1583655
251,999.4,999.6,999.5,0.20000000000004547,"hft_dominated",1768680341.1648505
252,999.4,999.6,999.5,0.20000000000004547,"hft_dominated",1768680341.1700392
253,999.4,999.6,999.5,0.20000000000004547,"hft_dominated",1768680341.176061
254,999.5,999.6,999.55,0.10000000000002274,"hft_dominated",1768680341.1813262
255,999.5,1000.2,999.85,0.7000000000000455,"hft_dominated",1768680341.1867714
256,999.8,1000,999.9,0.20000000000004547,"hft_dominated",1768680341.192872
257,999.8,999.9,999.8499999999999,0.10000000000002274,"hft_dominated",1768680341.1987176
258,999.8,999.9,999.8499999999999,0.10000000000002274,"hft_dominated",1768680341.203186
259,999.8,999.9,999.8499999999999,0.10000000000002274,"hft_dominated",1768680341.2091491
260,999.8,999.9,999.8499999999999,0.10000000000002274,"hft_dominated",1768680341.2144072
261,999.8,999.9,999.8499999999999,0.10000000000002274,"hft_dominated",1768680341.2194052
262,999.8,999.9,999.8499999999999,0.10000000000002274,"hft_dominated",1768680341.2241817
263,999.8,999.9,999.8499999999999,0.10000000000002274,"hft_dominated",1768680341.228867
264,999.8,999.9,999.8499999999999,0.10000000000002274,"hft_dominated",1768680341.2343562
265,999.8,999.9,999.8499999999999,0.10000000000002274,"hft_dominated",1768680341.2401383
266,999.8,999.9,999.8499999999999,0.10000000000002274,"hft_dominated",1768680341.2465367
267,999.8,999.9,999.8499999999999,0.10000000000002274,"hft_dominated",1768680341.250391
268,999.8,999.9,999.8499999999999,0.10000000000002274,"hft_dominated",1768680341.2563863
269,999.6,1000.1,999.85,0.5,"hft_dominated",1768680341.2620664
270,999.7,1000,999.85,0.2999999999999545,"hft_dominated",1768680341.2670467
271,999.8,1000,999.9,0.20000000000004547,"hft_dominated",1768680341.2722225
272,999.9,1000,999.95,0.10000000000002274,"hft_dominated",1768680341.2774165
273,999.9,1000.1,1000,0.20000000000004547,"hft_dominated",1768680341.2824194
274,999.9,1000.1,1000,0.20000000000004547,"hft_dominated",1768680341.2880871
275,999.9,1000.1,1000,0.20000000000004547,"hft_dominated",1768680341.2940943
276,999.4,1000.6,1000,1.2000000000000455,"hft_dominated",1768680341.2988536
277,999.9,1000.1,1000,0.20000000000004547,"hft_dominated",1768680341.3034983
278,999.9,1000.1,1000,0.20000000000004547,"hft_dominated",1768680341.3084784
279,999.9,1000,999.95,0.10000000000002274,"hft_dominated",1768680341.3137255
280,999.8,1000,999.9,0.20000000000004547,"hft_dominated",1768680341.3188374
281,999.6,1000,999.8,0.39999999999997726,"hft_dominated",1768680341.3243954
282,999.7,999.8,999.75,0.09999999999990905,"hft_dominated",1768680341.3289285
283,999.7,999.8,999.75,0.09999999999990905,"hft_dominated",1768680341.33488
284,999.7,999.8,999.75,0.09999999999990905,"hft_dominated",1768680341.3402147
285,999.7,999.9,999.8,0.1999999999999318,"hft_dominated",1768680341.3467607
286,999.3,1000.3,999.8,1,"hft_dominated",1768680341.3522825
287,999.6,1000,999.8,0.39999999999997726,"hft_dominated",1768680341.3569617
288,999.6,999.8,999.7,0.1999999999999318,"hft_dominated",1768680341.3629522
289,999.3,999.8,999.55,0.5,"hft_dominated",1768680341.368191
290,999.3,999.8,999.55,0.5,"hft_dominated",1768680341.3735795
291,999.5,999.7,999.6,0.20000000000004547,"hft_dominated",1768680341.379797
292,999.6,999.7,999.6500000000001,0.10000000000002274,"hft_dominated",1768680341.3868604
293,999.6,999.8,999.7,0.1999999999999318,"hft_dominated",1768680341.3921893
294,999.6,999.8,999.7,0.1999999999999318,"hft_dominated",1768680341.3983688
295,999.6,999.8,999.7,0.1999999999999318,"hft_dominated",1768680341.4035158
296,999.6,999.8,999.7,0.1999999999999318,"hft_dominated",1768680341.4084496
297,999.6,999.8,999.7,0.1999999999999318,"hft_dominated",1768680341.4144156
298,999.6,999.7,999.6500000000001,0.10000000000002274,"hft_dominated",1768680341.4205103
299,999.6,999.7,999.6500000000001,0.10000000000002274,"hft_dominated",1768680341.4253392
300,999.6,999.7,999.6500000000001,0.10000000000002274,"hft_dominated",1768680341.4312356
301,999.6,999.7,999.6500000000001,0.10000000000002274,"hft_dominated",1768680341.436002
302,999.6,999.8,999.7,0.1999999999999318,"hft_dominated",1768680341.4417646
303,999.6,999.8,999.7,0.1999999999999318,"hft_dominated",1768680341.4473395
304,999.6,999.9,999.75,0.2999999999999545,"hft_dominated",1768680341.4531207
305,999.7,999.9,999.8,0.1999999999999318,"hft_dominated",1768680341.4581091
306,999.6,1000,999.8,0.39999999999997726,"hft_dominated",1768680341.4633913
307,999.6,1000,999.8,0.39999999999997726,"hft_dominated",1768680341.4688127
308,999.6,1000,999.8,0.39999999999997726,"hft_dominated",1768680341.4735258
309,999.6,1000,999.8,0.39999999999997726,"hft_dominated",1768680341.4789705
310,999.8,999.9,999.8499999999999,0.10000000000002274,"hft_dominated",1768680341.4844902
311,999.6,1000.3,999.95,0.6999999999999318,"hft_dominated",1768680341.4906764
312,999.6,1000,999.8,0.39999999999997726,"hft_dominated",1768680341.4973125
313,999.6,1000,999.8,0.39999999999997726,"hft_dominated",1768680341.501705
314,999.6,1000,999.8,0.39999999999997726,"hft_dominated",1768680341.507023
315,999.7,999.9,999.8,0.1999999999999318,"hft_dominated",1768680341.5130718
316,999.7,999.9,999.8,0.1999999999999318,"hft_dominated",1768680341.518392
317,999.8,999.9,999.8499999999999,0.10000000000002274,"hft_dominated",1768680341.5258937
318,999.8,1000.1,999.95,0.3000000000000682,"hft_dominated",1768680341.5306566
319,999.9,1000,999.95,0.10000000000002274,"hft_dominated",1768680341.5360916
320,999.9,1000,999.95,0.10000000000002274,"hft_dominated",1768680341.5414515
321,999.9,1000,999.95,0.10000000000002274,"hft_dominated",1768680341.547298
322,999.9,1000.1,1000,0.20000000000004547,"hft_dominated",1768680341.552098
323,999.9,1000,999.95,0.10000000000002274,"hft_dominated",1768680341.5580702
324,999.8,1000,999.9,0.20000000000004547,"hft_dominated",1768680341.5633914
325,999.7,1000,999.85,0.2999999999999545,"hft_dominated",1768680341.5690997
326,999.8,1000,999.9,0.20000000000004547,"hft_dominated",1768680341.574145
327,999.8,1000,999.9,0.20000000000004547,"hft_dominated",1768680341.5793755
328,999.8,1000,999.9,0.20000000000004547,"hft_dominated",1768680341.5857272
329,999.8,1000,999.9,0.20000000000004547,"hft_dominated",1768680341.591054
330,999.8,1000,999.9,0.20000000000004547,"hft_dominated",1768680341.5961742
331,999.5,1000,999.75,0.5,"hft_dominated",1768680341.602135
332,999.7,999.8,999.75,0.09999999999990905,"hft_dominated",1768680341.607366
333,999.7,999.8,999.75,0.09999999999990905,"hft_dominated",1768680341.6132283
334,999.7,999.9,999.8,0.1999999999999318,"hft_dominated",1768680341.6175656
335,999.8,1000,999.9,0.20000000000004547,"hft_dominated",1768680341.6235373
336,999.8,1000,999.9,0.20000000000004547,"hft_dominated",1768680341.6301599
337,999.8,1000,999.9,0.20000000000004547,"hft_dominated",1768680341.636496
338,999.8,1000,999.9,0.20000000000004547,"hft_dominated",1768680341.6421993
339,999.8,1000,999.9,0.20000000000004547,"hft_dominated",1768680341.6494436
340,999.8,1000,999.9,0.20000000000004547,"hft_dominated",1768680341.6558557
341,999.8,1000,999.9,0.20000000000004547,"hft_dominated",1768680341.6610513
342,999.9,1000,999.95,0.10000000000002274,"hft_dominated",1768680341.6664083
343,999.9,1000,999.95,0.10000000000002274,"hft_dominated",1768680341.6718163
344,999.9,1000.6,1000.25,0.7000000000000455,"hft_dominated",1768680341.677133
345,1000.2,1000.5,1000.35,0.2999999999999545,"hft_dominated",1768680341.6845753
346,1000.3,1000.5,1000.4,0.20000000000004547,"hft_dominated",1768680341.690024
347,1000.3,1000.5,1000.4,0.20000000000004547,"hft_dominated",1768680341.6949198
348,1000.3,1001,1000.65,0.7000000000000455,"hft_dominated",1768680341.7001138
349,1000.6,1000.8,1000.7,0.1999999999999318,"hft_dominated",1768680341.7059639
350,1000.5,1000.9,1000.7,0.39999999999997726,"hft_dominated",1768680341.7117517
351,1000.5,1000.7,1000.6,0.20000000000004547,"hft_dominated",1768680341.716922
352,1000.6,1000.7,1000.6500000000001,0.10000000000002274,"hft_dominated",1768680341.7244887
353,1000.6,1000.7,1000.6500000000001,0.10000000000002274,"hft_dominated",1768680341.7307808
354,1000.6,1000.7,1000.6500000000001,0.10000000000002274,"hft_dominated",1768680341.735365
355,1000.6,1001.2,1000.9000000000001,0.6000000000000227,"hft_dominated",1768680341.7406714
356,1000.9,1001.1,1001,0.20000000000004547,"hft_dominated",1768680341.7464983
357,1000.7,1001,1000.85,0.2999999999999545,"hft_dominated",1768680341.7519624
358,1000.6,1000.9,1000.75,0.2999999999999545,"hft_dominated",1768680341.7568498
359,1000.6,1000.9,1000.75,0.2999999999999545,"hft_dominated",1768680341.7617285
360,1000.6,1000.9,1000.75,0.2999999999999545,"hft_dominated",1768680341.7679842
361,1000.7,1000.9,1000.8,0.1999999999999318,"hft_dominated",1768680341.773306
362,1000.7,1000.9,1000.8,0.1999999999999318,"hft_dominated",1768680341.7788525
363,1000.3,1001.3,1000.8,1,"hft_dominated",1768680341.784513
364,1000.7,1000.9,1000.8,0.1999999999999318,"hft_dominated",1768680341.7923546
365,1000.6,1001,1000.8,0.39999999999997726,"hft_dominated",1768680341.7978024
366,1000.7,1000.9,1000.8,0.1999999999999318,"hft_dominated",1768680341.8044693
367,1000.6,1001,1000.8,0.39999999999997726,"hft_dominated",1768680341.8104036
368,1000.5,1001.1,1000.8,0.6000000000000227,"hft_dominated",1768680341.8163917
369,1000.6,1001,1000.8,0.39999999999997726,"hft_dominated",1768680341.8229806
370,1000.1,1001.5,1000.8,1.3999999999999773,"hft_dominated",1768680341.82824
371,1000.8,1000.9,1000.8499999999999,0.10000000000002274,"hft_dominated",1768680341.8330567
372,1000.8,1001,1000.9,0.20000000000004547,"hft_dominated",1768680341.8389401
373,1000.8,1001,1000.9,0.20000000000004547,"hft_dominated",1768680341.8442903
374,1000.8,1001,1000.9,0.20000000000004547,"hft_dominated",1768680341.8496225
375,1000.9,1001,1000.95,0.10000000000002274,"hft_dominated",1768680341.8550527
376,1000.9,1001,1000.95,0.10000000000002274,"hft_dominated",1768680341.860602
377,1000.9,1001,1000.95,0.10000000000002274,"hft_dominated",1768680341.8665361
378,1000.9,1001,1000.95,0.10000000000002274,"hft_dominated",1768680341.8715312
379,1000.9,1001.4,1001.15,0.5,"hft_dominated",1768680341.8766148
380,1001,1001.3,1001.15,0.2999999999999545,"hft_dominated",1768680341.8819036
381,1001,1001.3,1001.15,0.2999999999999545,"hft_dominated",1768680341.8878336
382,1000.9,1001.2,1001.05,0.3000000000000682,"hft_dominated",1768680341.8926795
383,1000.9,1001.2,1001.05,0.3000000000000682,"hft_dominated",1768680341.8989327
384,1000.9,1001.3,1001.0999999999999,0.39999999999997726,"hft_dominated",1768680341.9048803
385,1001,1001.1,1001.05,0.10000000000002274,"hft_dominated",1768680341.9109232
386,1001,1001.2,1001.1,0.20000000000004547,"hft_dominated",1768680341.9162202
387,1001,1001.2,1001.1,0.20000000000004547,"hft_dominated",1768680341.9216576
388,1001.1,1001.2,1001.1500000000001,0.10000000000002274,"hft_dominated",1768680341.9263895
389,1001.1,1001.3,1001.2,0.1999999999999318,"hft_dominated",1768680341.9317873
390,1001.1,1002.1,1001.6,1,"hft_dominated",1768680341.9371502
391,1001.5,1001.7,1001.6,0.20000000000004547,"hft_dominated",1768680341.9410408
392,1001.1,1001.6,1001.35,0.5,"hft_dominated",1768680341.9461455
393,1001.2,1001.5,1001.35,0.2999999999999545,"hft_dominated",1768680341.9517152
394,1001.1,1001.6,1001.35,0.5,"hft_dominated",1768680341.9564607
395,1001.1,1001.6,1001.35,0.5,"hft_dominated",1768680341.9627633
396,1001.1,1001.6,1001.35,0.5,"hft_dominated",1768680341.968314
397,1001.2,1001.5,1001.35,0.2999999999999545,"hft_dominated",1768680341.97438
398,1001.3,1001.4,1001.3499999999999,0.10000000000002274,"hft_dominated",1768680341.9796648
399,1001.3,1001.4,1001.3499999999999,0.10000000000002274,"hft_dominated",1768680341.9871008
400,1001.3,1001.4,1001.3499999999999,0.10000000000002274,"hft_dominated",1768680341.9921534
401,1001.3,1001.4,1001.3499999999999,0.10000000000002274,"hft_dominated",1768680341.999138
402,1001.3,1001.4,1001.3499999999999,0.10000000000002274,"hft_dominated",1768680342.0046184
403,1001.3,1001.4,1001.3499999999999,0.10000000000002274,"hft_dominated",1768680342.01
404,1001.3,1001.4,1001.3499999999999,0.10000000000002274,"hft_dominated",1768680342.0158777
405,1001.3,1001.4,1001.3499999999999,0.10000000000002274,"hft_dominated",1768680342.0215104
406,1001.3,1001.4,1001.3499999999999,0.10000000000002274,"hft_dominated",1768680342.0264761
407,1001.3,1001.4,1001.3499999999999,0.10000000000002274,"hft_dominated",1768680342.0320146
408,1001.3,1001.5,1001.4,0.20000000000004547,"hft_dominated",1768680342.037363
409,1001.3,1001.5,1001.4,0.20000000000004547,"hft_dominated",1768680342.0422351
410,1001.4,1001.5,1001.45,0.10000000000002274,"hft_dominated",1768680342.047957
411,1001.4,1001.6,1001.5,0.20000000000004547,"hft_dominated",1768680342.0526867
412,1001.4,1001.6,1001.5,0.20000000000004547,"hft_dominated",1768680342.0580266
413,1001.5,1001.6,1001.55,0.10000000000002274,"hft_dominated",1768680342.0639658
414,1001.5,1001.6,1001.55,0.10000000000002274,"hft_dominated",1768680342.0695794
415,1001.4,1001.6,1001.5,0.20000000000004547,"hft_dominated",1768680342.0742495
416,1001.4,1001.8,1001.5999999999999,0.39999999999997726,"hft_dominated",1768680342.0800195
417,1001.5,1001.7,1001.6,0.20000000000004547,"hft_dominated",1768680342.0849333
418,1001.5,1001.6,1001.55,0.10000000000002274,"hft_dominated",1768680342.090448
419,1001.4,1001.6,1001.5,0.20000000000004547,"hft_dominated",1768680342.0947108
420,1001.4,1001.8,1001.5999999999999,0.39999999999997726,"hft_dominated",1768680342.1003914
421,1001.5,1001.6,1001.55,0.10000000000002274,"hft_dominated",1768680342.10562
422,1001.5,1001.7,1001.6,0.20000000000004547,"hft_dominated",1768680342.1103444
423,1001.6,1001.7,1001.6500000000001,0.10000000000002274,"hft_dominated",1768680342.1165082
424,1001.6,1001.8,1001.7,0.1999999999999318,"hft_dominated",1768680342.1223254
425,1001.4,1001.9,1001.65,0.5,"hft_dominated",1768680342.1291034
426,1001.4,1001.7,1001.55,0.3000000000000682,"hft_dominated",1768680342.134405
427,1001,1001.6,1001.3,0.6000000000000227,"hft_dominated",1768680342.1397548
428,1001.2,1001.4,1001.3,0.1999999999999318,"hft_dominated",1768680342.1453235
429,1001.2,1001.4,1001.3,0.1999999999999318,"hft_dominated",1768680342.1507108
430,1001.2,1001.3,1001.25,0.09999999999990905,"hft_dominated",1768680342.1560438
431,1001.2,1001.3,1001.25,0.09999999999990905,"hft_dominated",1768680342.161815
432,1001.2,1001.3,1001.25,0.09999999999990905,"hft_dominated",1768680342.1670766
433,1001,1001.3,1001.15,0.2999999999999545,"hft_dominated",1768680342.17341
434,1001,1001.3,1001.15,0.2999999999999545,"hft_dominated",1768680342.179283
435,1001,1001.3,1001.15,0.2999999999999545,"hft_dominated",1768680342.1838853
436,1001.1,1001.3,1001.2,0.1999999999999318,"hft_dominated",1768680342.1901839
437,1001.1,1001.3,1001.2,0.1999999999999318,"hft_dominated",1768680342.1958587
438,1000.9,1001.2,1001.05,0.3000000000000682,"hft_dominated",1768680342.2016892
439,1000.9,1001.3,1001.0999999999999,0.39999999999997726,"hft_dominated",1768680342.2074416
440,1001,1001.2,1001.1,0.20000000000004547,"hft_dominated",1768680342.2165911
441,1001.1,1001.2,1001.1500000000001,0.10000000000002274,"hft_dominated",1768680342.2229226
442,1001.1,1001.3,1001.2,0.1999999999999318,"hft_dominated",1768680342.227496
443,1000.7,1001.7,1001.2,1,"hft_dominated",1768680342.2337494
444,1001.1,1001.3,1001.2,0.1999999999999318,"hft_dominated",1768680342.240398
445,1001.1,1001.3,1001.2,0.1999999999999318,"hft_dominated",1768680342.2449372
446,1001.1,1001.3,1001.2,0.1999999999999318,"hft_dominated",1768680342.2508185
447,1001.1,1001.2,1001.1500000000001,0.10000000000002274,"hft_dominated",1768680342.2567024
448,1001,1001.2,1001.1,0.20000000000004547,"hft_dominated",1768680342.2614045
449,1000.8,1001.2,1001,0.40000000000009095,"hft_dominated",1768680342.2672794
450,1000.9,1001.1,1001,0.20000000000004547,"hft_dominated",1768680342.2730258
451,1000.9,1001.1,1001,0.20000000000004547,"hft_dominated",1768680342.2777333
452,1000.9,1001.1,1001,0.20000000000004547,"hft_dominated",1768680342.283277
453,1000.7,1001.3,1001,0.599999999999909,"hft_dominated",1768680342.2889848
454,1000.6,1001,1000.8,0.39999999999997726,"hft_dominated",1768680342.2938933
455,1000.3,1001.3,1000.8,1,"hft_dominated",1768680342.2970023
456,1000.8,1001,1000.9,0.20000000000004547,"hft_dominated",1768680342.3016894
457,1000.8,1001.5,1001.15,0.7000000000000455,"hft_dominated",1768680342.3083222
458,1001,1001.3,1001.15,0.2999999999999545,"hft_dominated",1768680342.3115714
459,1001.1,1001.3,1001.2,0.1999999999999318,"hft_dominated",1768680342.314452
460,1001.1,1001.3,1001.2,0.1999999999999318,"hft_dominated",1768680342.3178802
461,1001.1,1001.3,1001.2,0.1999999999999318,"hft_dominated",1768680342.323786
462,1001.2,1001.5,1001.35,0.2999999999999545,"hft_dominated",1768680342.328882
463,1001.2,1001.7,1001.45,0.5,"hft_dominated",1768680342.3342786
464,1001.4,1001.8,1001.5999999999999,0.39999999999997726,"hft_dominated",1768680342.3397071
465,1001.4,1001.8,1001.5999999999999,0.39999999999997726,"hft_dominated",1768680342.3453062
466,1001.5,1001.7,1001.6,0.20000000000004547,"hft_dominated",1768680342.3504484
467,1001.5,1001.7,1001.6,0.20000000000004547,"hft_dominated",1768680342.3558853
468,1001.4,1001.9,1001.65,0.5,"hft_dominated",1768680342.3610377
469,1001.6,1001.8,1001.7,0.1999999999999318,"hft_dominated",1768680342.3682196
470,1001.7,1001.8,1001.75,0.09999999999990905,"hft_dominated",1768680342.3733582
471,1001.7,1002.3,1002,0.599999999999909,"hft_dominated",1768680342.378686
472,1001.7,1002.7,1002.2,1,"hft_dominated",1768680342.3834429
473,1002.1,1002.3,1002.2,0.1999999999999318,"hft_dominated",1768680342.388835
474,1002.1,1002.3,1002.2,0.1999999999999318,"hft_dominated",1768680342.394262
475,1001.9,1002.5,1002.2,0.6000000000000227,"hft_dominated",1768680342.3989468
476,1002.2,1002.3,1002.25,0.09999999999990905,"hft_dominated",1768680342.4056644
477,1002.2,1002.5,1002.35,0.2999999999999545,"hft_dominated",1768680342.4110637
478,1002.2,1002.5,1002.35,0.2999999999999545,"hft_dominated",1768680342.416828
479,1002.3,1002.5,1002.4,0.20000000000004547,"hft_dominated",1768680342.4231796
480,1002.3,1002.5,1002.4,0.20000000000004547,"hft_dominated",1768680342.4271183
481,1002.3,1002.5,1002.4,0.20000000000004547,"hft_dominated",1768680342.4328628
482,1002.3,1002.5,1002.4,0.20000000000004547,"hft_dominated",1768680342.438294
483,1002.3,1002.5,1002.4,0.20000000000004547,"hft_dominated",1768680342.443582
484,1002.3,1002.5,1002.4,0.20000000000004547,"hft_dominated",1768680342.449011
485,1002.2,1002.8,1002.5,0.599999999999909,"hft_dominated",1768680342.4551172
486,1002.4,1002.6,1002.5,0.20000000000004547,"hft_dominated",1768680342.458351
487,1002.2,1002.8,1002.5,0.599999999999909,"hft_dominated",1768680342.463832
488,1002.4,1002.6,1002.5,0.20000000000004547,"hft_dominated",1768680342.4692304
489,1002.4,1002.6,1002.5,0.20000000000004547,"hft_dominated",1768680342.475443
490,1002.5,1002.6,1002.55,0.10000000000002274,"hft_dominated",1768680342.481425
491,1002.5,1002.7,1002.6,0.20000000000004547,"hft_dominated",1768680342.4869857
492,1002.5,1003.2,1002.85,0.7000000000000455,"hft_dominated",1768680342.4920459
493,1002.6,1002.9,1002.75,0.2999999999999545,"hft_dominated",1768680342.497297
494,1002.7,1002.9,1002.8,0.1999999999999318,"hft_dominated",1768680342.5025733
495,1002.5,1003.2,1002.85,0.7000000000000455,"hft_dominated",1768680342.5072386
496,1002.8,1003,1002.9,0.20000000000004547,"hft_dominated",1768680342.5123959
497,1002.8,1003,1002.9,0.20000000000004547,"hft_dominated",1768680342.5205479
498,1002.7,1002.9,1002.8,0.1999999999999318,"hft_dominated",1768680342.5243273
499,1002.7,1002.9,1002.8,0.1999999999999318,"hft_dominated",1768680342.530607
500,1002.5,1002.8,1002.65,0.2999999999999545,"hft_dominated",1768680342.5373774
501,1002.6,1002.8,1002.7,0.1999999999999318,"hft_dominated",1768680342.5432024
502,1002.4,1002.8,1002.5999999999999,0.39999999999997726,"hft_dominated",1768680342.5482614
503,1002.6,1002.7,1002.6500000000001,0.10000000000002274,"hft_dominated",1768680342.5509977
504,1002.6,1002.8,1002.7,0.1999999999999318,"hft_dominated",1768680342.5546174
505,1002.6,1002.8,1002.7,0.1999999999999318,"hft_dominated",1768680342.5600276
506,1002.6,1002.9,1002.75,0.2999999999999545,"hft_dominated",1768680342.5654297
507,1002.7,1002.9,1002.8,0.1999999999999318,"hft_dominated",1768680342.569335
508,1002.6,1002.9,1002.75,0.2999999999999545,"hft_dominated",1768680342.5730312
509,1002.7,1002.9,1002.8,0.1999999999999318,"hft_dominated",1768680342.5790582
510,1002.5,1002.9,1002.7,0.39999999999997726,"hft_dominated",1768680342.58406
511,1002.6,1002.8,1002.7,0.1999999999999318,"hft_dominated",1768680342.5897717
512,1002.6,1002.7,1002.6500000000001,0.10000000000002274,"hft_dominated",1768680342.5947604
513,1001.9,1002.7,1002.3,0.8000000000000682,"hft_dominated",1768680342.6002574
514,1001.9,1002.7,1002.3,0.8000000000000682,"hft_dominated",1768680342.6054215
515,1001.6,1002.9,1002.25,1.2999999999999545,"hft_dominated",1768680342.6114655
516,1002.2,1002.4,1002.3,0.1999999999999318,"hft_dominated",1768680342.6171145
517,1002.2,1002.5,1002.35,0.2999999999999545,"hft_dominated",1768680342.6225126
518,1002.3,1002.5,1002.4,0.20000000000004547,"hft_dominated",1768680342.6270604
519,1002.3,1002.5,1002.4,0.20000000000004547,"hft_dominated",1768680342.631402
520,1002.3,1002.5,1002.4,0.20000000000004547,"hft_dominated",1768680342.6373124
521,1002.3,1002.5,1002.4,0.20000000000004547,"hft_dominated",1768680342.6426957
522,1002.2,1002.4,1002.3,0.1999999999999318,"hft_dominated",1768680342.6480813
523,1002.1,1002.4,1002.25,0.2999999999999545,"hft_dominated",1768680342.6533241
524,1002,1002.4,1002.2,0.39999999999997726,"hft_dominated",1768680342.6582732
525,1002.2,1002.4,1002.3,0.1999999999999318,"hft_dominated",1768680342.663585
526,1002.2,1002.4,1002.3,0.1999999999999318,"hft_dominated",1768680342.669459
527,1002.2,1002.4,1002.3,0.1999999999999318,"hft_dominated",1768680342.674764
528,1002.2,1002.4,1002.3,0.1999999999999318,"hft_dominated",1768680342.6801934
529,1002.2,1002.4,1002.3,0.1999999999999318,"hft_dominated",1768680342.6855426
530,1002.2,1002.5,1002.35,0.2999999999999545,"hft_dominated",1768680342.6911867
531,1002.2,1002.5,1002.35,0.2999999999999545,"hft_dominated",1768680342.6953802
532,1002.3,1002.5,1002.4,0.20000000000004547,"hft_dominated",1768680342.7003021
533,1002.3,1002.5,1002.4,0.20000000000004547,"hft_dominated",1768680342.704841
534,1002.3,1002.4,1002.3499999999999,0.10000000000002274,"hft_dominated",1768680342.7098954
535,1002.3,1002.4,1002.3499999999999,0.10000000000002274,"hft_dominated",1768680342.7153957
536,1002.3,1002.5,1002.4,0.20000000000004547,"hft_dominated",1768680342.72103
537,1002.3,1002.5,1002.4,0.20000000000004547,"hft_dominated",1768680342.7259576
538,1002.3,1002.4,1002.3499999999999,0.10000000000002274,"hft_dominated",1768680342.7318733
539,1002.2,1002.4,1002.3,0.1999999999999318,"hft_dominated",1768680342.7374244
540,1002.1,1002.4,1002.25,0.2999999999999545,"hft_dominated",1768680342.742747
541,1002.2,1002.4,1002.3,0.1999999999999318,"hft_dominated",1768680342.7492101
542,1002.3,1002.4,1002.3499999999999,0.10000000000002274,"hft_dominated",1768680342.7535126
543,1002.3,1002.4,1002.3499999999999,0.10000000000002274,"hft_dominated",1768680342.758734
544,1002.2,1002.4,1002.3,0.1999999999999318,"hft_dominated",1768680342.7651439
545,1002.1,1002.4,1002.25,0.2999999999999545,"hft_dominated",1768680342.771241
546,1001.9,1002.3,1002.0999999999999,0.39999999999997726,"hft_dominated",1768680342.7775688
547,1002,1002.2,1002.1,0.20000000000004547,"hft_dominated",1768680342.7838883
548,1002,1002.1,1002.05,0.10000000000002274,"hft_dominated",1768680342.7896965
549,1002,1002.1,1002.05,0.10000000000002274,"hft_dominated",1768680342.7944663
550,1001.8,1002.1,1001.95,0.3000000000000682,"hft_dominated",1768680342.8001118
551,1001.8,1002.1,1001.95,0.3000000000000682,"hft_dominated",1768680342.8048098
552,1001.8,1002.1,1001.95,0.3000000000000682,"hft_dominated",1768680342.8106515
553,1001.8,1002.1,1001.95,0.3000000000000682,"hft_dominated",1768680342.8165267
554,1001.9,1002.9,1002.4,1,"hft_dominated",1768680342.819924
555,1002.3,1002.5,1002.4,0.20000000000004547,"hft_dominated",1768680342.825901
556,1002.1,1002.7,1002.4000000000001,0.6000000000000227,"hft_dominated",1768680342.8309696
557,1002.3,1002.5,1002.4,0.20000000000004547,"hft_dominated",1768680342.8366187
558,1002.1,1002.4,1002.25,0.2999999999999545,"hft_dominated",1768680342.8421638
559,1002.1,1002.4,1002.25,0.2999999999999545,"hft_dominated",1768680342.84723
560,1002.1,1002.4,1002.25,0.2999999999999545,"hft_dominated",1768680342.8528998
561,1002,1002.4,1002.2,0.39999999999997726,"hft_dominated",1768680342.8581607
562,1002,1002.4,1002.2,0.39999999999997726,"hft_dominated",1768680342.8634896
563,1002.1,1002.3,1002.2,0.1999999999999318,"hft_dominated",1768680342.8693986
564,1002.1,1002.3,1002.2,0.1999999999999318,"hft_dominated",1768680342.87474
565,1001.7,1002.4,1002.05,0.6999999999999318,"hft_dominated",1768680342.8800132
566,1001.6,1002.4,1002,0.7999999999999545,"hft_dominated",1768680342.8853827
567,1001.9,1002,1001.95,0.10000000000002274,"hft_dominated",1768680342.8910425
568,1001.3,1002,1001.65,0.7000000000000455,"hft_dominated",1768680342.8958075
569,1001.2,1001.7,1001.45,0.5,"hft_dominated",1768680342.9015179
570,1001.4,1001.6,1001.5,0.20000000000004547,"hft_dominated",1768680342.906383
571,1001.4,1001.6,1001.5,0.20000000000004547,"hft_dominated",1768680342.9121768
572,1001.4,1001.8,1001.5999999999999,0.39999999999997726,"hft_dominated",1768680342.9174457
573,1001.5,1001.6,1001.55,0.10000000000002274,"hft_dominated",1768680342.9233782
574,1001.4,1001.6,1001.5,0.20000000000004547,"hft_dominated",1768680342.9289424
575,1001.4,1001.5,1001.45,0.10000000000002274,"hft_dominated",1768680342.934619
576,1001.4,1001.5,1001.45,0.10000000000002274,"hft_dominated",1768680342.9395466
577,1001.4,1001.5,1001.45,0.10000000000002274,"hft_dominated",1768680342.945259
578,1001.3,1001.5,1001.4,0.20000000000004547,"hft_dominated",1768680342.9502196
579,1001.3,1001.5,1001.4,0.20000000000004547,"hft_dominated",1768680342.9557536
580,1001.2,1001.5,1001.35,0.2999999999999545,"hft_dominated",1768680342.9615915
581,1001.3,1001.5,1001.4,0.20000000000004547,"hft_dominated",1768680342.9674652
582,1001.3,1001.5,1001.4,0.20000000000004547,"hft_dominated",1768680342.9729092
583,1001.4,1001.5,1001.45,0.10000000000002274,"hft_dominated",1768680342.9782574
584,1001.4,1001.7,1001.55,0.3000000000000682,"hft_dominated",1768680342.983337
585,1001.4,1001.7,1001.55,0.3000000000000682,"hft_dominated",1768680342.9889963
586,1001.5,1001.7,1001.6,0.20000000000004547,"hft_dominated",1768680342.998324
587,1001.5,1001.7,1001.6,0.20000000000004547,"hft_dominated",1768680343.003493
588,1001.3,1001.9,1001.5999999999999,0.6000000000000227,"hft_dominated",1768680343.0103247
589,1001.5,1001.6,1001.55,0.10000000000002274,"hft_dominated",1768680343.0166807
590,1001.4,1001.6,1001.5,0.20000000000004547,"hft_dominated",1768680343.0236573
591,1001.4,1001.6,1001.5,0.20000000000004547,"hft_dominated",1768680343.0281475
592,1001.2,1001.5,1001.35,0.2999999999999545,"hft_dominated",1768680343.0355806
593,1000.9,1001.6,1001.25,0.7000000000000455,"hft_dominated",1768680343.0405784
594,1001.2,1001.4,1001.3,0.1999999999999318,"hft_dominated",1768680343.048459
595,1001.2,1001.4,1001.3,0.1999999999999318,"hft_dominated",1768680343.053815
596,1001.1,1001.5,1001.3,0.39999999999997726,"hft_dominated",1768680343.0587049
597,1001.2,1001.4,1001.3,0.1999999999999318,"hft_dominated",1768680343.0648863
598,1001.2,1001.4,1001.3,0.1999999999999318,"hft_dominated",1768680343.0702214
599,1001.2,1001.4,1001.3,0.1999999999999318,"hft_dominated",1768680343.0758226
600,1001.1,1001.5,1001.3,0.39999999999997726,"hft_dominated",1768680343.0812302
601,1001.1,1001.5,1001.3,0.39999999999997726,"hft_dominated",1768680343.085959
602,1001,1001.6,1001.3,0.6000000000000227,"hft_dominated",1768680343.0899005
603,1001,1001.6,1001.3,0.6000000000000227,"hft_dominated",1768680343.0952437
604,1000.7,1001.9,1001.3,1.1999999999999318,"hft_dominated",1768680343.1013236
605,1000.6,1002,1001.3,1.3999999999999773,"hft_dominated",1768680343.106496
606,1001.1,1001.5,1001.3,0.39999999999997726,"hft_dominated",1768680343.1116762
607,1001.2,1001.4,1001.3,0.1999999999999318,"hft_dominated",1768680343.117491
608,1001.2,1001.3,1001.25,0.09999999999990905,"hft_dominated",1768680343.1228304
609,1001.2,1001.3,1001.25,0.09999999999990905,"hft_dominated",1768680343.1291647
610,1001.2,1001.4,1001.3,0.1999999999999318,"hft_dominated",1768680343.1355934
611,1001.2,1001.4,1001.3,0.1999999999999318,"hft_dominated",1768680343.1392791
612,1001.1,1001.3,1001.2,0.1999999999999318,"hft_dominated",1768680343.1455503
613,1001.1,1001.2,1001.1500000000001,0.10000000000002274,"hft_dominated",1768680343.1523743
614,1001.1,1001.2,1001.1500000000001,0.10000000000002274,"hft_dominated",1768680343.158171
615,1001.1,1001.2,1001.1500000000001,0.10000000000002274,"hft_dominated",1768680343.1637597
616,1000.9,1001.2,1001.05,0.3000000000000682,"hft_dominated",1768680343.1688006
617,1000.7,1001.2,1000.95,0.5,"hft_dominated",1768680343.1753247
618,1000.9,1001.1,1001,0.20000000000004547,"hft_dominated",1768680343.1808493
619,1000.7,1001.2,1000.95,0.5,"hft_dominated",1768680343.1870234
620,1000,1001.3,1000.65,1.2999999999999545,"hft_dominated",1768680343.1921372
621,1000.4,1000.7,1000.55,0.3000000000000682,"hft_dominated",1768680343.1971216
622,1000.5,1000.7,1000.6,0.20000000000004547,"hft_dominated",1768680343.2030551
623,1000.5,1000.7,1000.6,0.20000000000004547,"hft_dominated",1768680343.208588
624,1000.5,1000.7,1000.6,0.20000000000004547,"hft_dominated",1768680343.2154026
625,1000.5,1000.6,1000.55,0.10000000000002274,"hft_dominated",1768680343.2211242
626,1000.5,1000.7,1000.6,0.20000000000004547,"hft_dominated",1768680343.226543
627,1000.5,1000.7,1000.6,0.20000000000004547,"hft_dominated",1768680343.2318826
628,1000.5,1000.7,1000.6,0.20000000000004547,"hft_dominated",1768680343.2378592
629,1000.5,1000.7,1000.6,0.20000000000004547,"hft_dominated",1768680343.2433338
630,1000.5,1000.6,1000.55,0.10000000000002274,"hft_dominated",1768680343.2498078
631,1000.4,1000.6,1000.5,0.20000000000004547,"hft_dominated",1768680343.2548573
632,1000.4,1000.6,1000.5,0.20000000000004547,"hft_dominated",1768680343.261167
633,1000.4,1000.6,1000.5,0.20000000000004547,"hft_dominated",1768680343.2671664
634,1000.4,1000.6,1000.5,0.20000000000004547,"hft_dominated",1768680343.2724006
635,1000.4,1000.6,1000.5,0.20000000000004547,"hft_dominated",1768680343.2781472
636,1000.2,1000.7,1000.45,0.5,"hft_dominated",1768680343.2851157
637,1000.2,1000.7,1000.45,0.5,"hft_dominated",1768680343.2907865
638,1000.4,1000.5,1000.45,0.10000000000002274,"hft_dominated",1768680343.2973757
639,1000.3,1000.5,1000.4,0.20000000000004547,"hft_dominated",1768680343.3027492
640,999.8,1000.5,1000.15,0.7000000000000455,"hft_dominated",1768680343.3084517
641,1000.1,1000.3,1000.2,0.1999999999999318,"hft_dominated",1768680343.315413
642,1000.1,1000.3,1000.2,0.1999999999999318,"hft_dominated",1768680343.319874
643,999.8,1000.5,1000.15,0.7000000000000455,"hft_dominated",1768680343.3255603
644,1000.1,1000.3,1000.2,0.1999999999999318,"hft_dominated",1768680343.3314126
645,1000.1,1000.3,1000.2,0.1999999999999318,"hft_dominated",1768680343.3368888
646,1000.1,1000.2,1000.1500000000001,0.10000000000002274,"hft_dominated",1768680343.3433142
647,999.9,1000.2,1000.05,0.3000000000000682,"hft_dominated",1768680343.3493087
648,999.6,1000.5,1000.05,0.8999999999999773,"hft_dominated",1768680343.353338
649,999.7,1000.4,1000.05,0.6999999999999318,"hft_dominated",1768680343.359133
650,999.8,1000.3,1000.05,0.5,"hft_dominated",1768680343.3668015
651,999.9,1000.2,1000.05,0.3000000000000682,"hft_dominated",1768680343.3707714
652,999.9,1000.2,1000.05,0.3000000000000682,"hft_dominated",1768680343.37581
653,999.9,1000.2,1000.05,0.3000000000000682,"hft_dominated",1768680343.381252
654,1000,1000.4,1000.2,0.39999999999997726,"hft_dominated",1768680343.386933
655,1000,1000.4,1000.2,0.39999999999997726,"hft_dominated",1768680343.39368
656,1000,1000.2,1000.1,0.20000000000004547,"hft_dominated",1768680343.3995562
657,1000,1000.2,1000.1,0.20000000000004547,"hft_dominated",1768680343.404836
658,1000,1000.2,1000.1,0.20000000000004547,"hft_dominated",1768680343.410569
659,1000,1000.2,1000.1,0.20000000000004547,"hft_dominated",1768680343.4164617
660,999.9,1000.3,1000.0999999999999,0.39999999999997726,"hft_dominated",1768680343.4220006
661,1000,1000.2,1000.1,0.20000000000004547,"hft_dominated",1768680343.428556
662,1000,1000.1,1000.05,0.10000000000002274,"hft_dominated",1768680343.435245
663,999.8,1000.1,999.95,0.3000000000000682,"hft_dominated",1768680343.439998
664,999.8,1000.1,999.95,0.3000000000000682,"hft_dominated",1768680343.4455738
665,999.8,1000.1,999.95,0.3000000000000682,"hft_dominated",1768680343.4505303
666,999.6,1000.3,999.95,0.6999999999999318,"hft_dominated",1768680343.4563773
667,999.9,1000.1,1000,0.20000000000004547,"hft_dominated",1768680343.4620445
668,999.7,1000.3,1000,0.599999999999909,"hft_dominated",1768680343.4673743
669,1000,1000.2,1000.1,0.20000000000004547,"hft_dominated",1768680343.4728694
670,1000,1000.5,1000.25,0.5,"hft_dominated",1768680343.4777567
671,1000,1000.5,1000.25,0.5,"hft_dominated",1768680343.4831216
672,1000.1,1000.4,1000.25,0.2999999999999545,"hft_dominated",1768680343.4882224
673,1000.1,1000.4,1000.25,0.2999999999999545,"hft_dominated",1768680343.493771
674,1000.2,1000.3,1000.25,0.09999999999990905,"hft_dominated",1768680343.499437
675,1000.2,1000.4,1000.3,0.1999999999999318,"hft_dominated",1768680343.5053127
676,1000.2,1000.3,1000.25,0.09999999999990905,"hft_dominated",1768680343.5151546
677,1000.2,1000.3,1000.25,0.09999999999990905,"hft_dominated",1768680343.5264335
678,1000.2,1000.3,1000.25,0.09999999999990905,"hft_dominated",1768680343.5324345
679,1000.2,1000.3,1000.25,0.09999999999990905,"hft_dominated",1768680343.5391114
680,1000.2,1000.5,1000.35,0.2999999999999545,"hft_dominated",1768680343.5443447
681,1000.3,1000.4,1000.3499999999999,0.10000000000002274,"hft_dominated",1768680343.5537546
682,1000.3,1000.4,1000.3499999999999,0.10000000000002274,"hft_dominated",1768680343.5594194
683,1000.3,1000.4,1000.3499999999999,0.10000000000002274,"hft_dominated",1768680343.5642297
684,1000.3,1000.4,1000.3499999999999,0.10000000000002274,"hft_dominated",1768680343.5701675
685,1000.3,1000.4,1000.3499999999999,0.10000000000002274,"hft_dominated",1768680343.5749922
686,1000.3,1000.4,1000.3499999999999,0.10000000000002274,"hft_dominated",1768680343.5804203
687,1000.3,1000.4,1000.3499999999999,0.10000000000002274,"hft_dominated",1768680343.5861337
688,1000.3,1000.4,1000.3499999999999,0.10000000000002274,"hft_dominated",1768680343.5914516
689,1000.3,1000.4,1000.3499999999999,0.10000000000002274,"hft_dominated",1768680343.59686
690,1000.3,1000.4,1000.3499999999999,0.10000000000002274,"hft_dominated",1768680343.601731
691,1000.3,1000.4,1000.3499999999999,0.10000000000002274,"hft_dominated",1768680343.6072204
692,1000.3,1000.4,1000.3499999999999,0.10000000000002274,"hft_dominated",1768680343.612487
693,1000.3,1000.4,1000.3499999999999,0.10000000000002274,"hft_dominated",1768680343.619211
694,1000.3,1000.4,1000.3499999999999,0.10000000000002274,"hft_dominated",1768680343.625512
695,1000.3,1000.4,1000.3499999999999,0.10000000000002274,"hft_dominated",1768680343.63095
696,1000.3,1000.4,1000.3499999999999,0.10000000000002274,"hft_dominated",1768680343.6361766
697,1000.3,1000.4,1000.3499999999999,0.10000000000002274,"hft_dominated",1768680343.6410298
698,1000.3,1000.4,1000.3499999999999,0.10000000000002274,"hft_dominated",1768680343.6453865
699,1000.1,1000.4,1000.25,0.2999999999999545,"hft_dominated",1768680343.6505017
700,1000.2,1000.4,1000.3,0.1999999999999318,"hft_dominated",1768680343.6537063
701,1000.2,1000.4,1000.3,0.1999999999999318,"hft_dominated",1768680343.6589656
702,1000.1,1000.4,1000.25,0.2999999999999545,"hft_dominated",1768680343.664446
703,1000.2,1000.4,1000.3,0.1999999999999318,"hft_dominated",1768680343.6703737
704,1000.3,1000.4,1000.3499999999999,0.10000000000002274,"hft_dominated",1768680343.6757016
705,1000.3,1000.4,1000.3499999999999,0.10000000000002274,"hft_dominated",1768680343.681744
706,1000.3,1000.7,1000.5,0.40000000000009095,"hft_dominated",1768680343.6870677
707,1000.5,1000.6,1000.55,0.10000000000002274,"hft_dominated",1768680343.6925526
708,1000.5,1000.6,1000.55,0.10000000000002274,"hft_dominated",1768680343.699491
709,1000.5,1000.6,1000.55,0.10000000000002274,"hft_dominated",1768680343.7041264
710,1000.5,1000.6,1000.55,0.10000000000002274,"hft_dominated",1768680343.7095456
711,1000.5,1000.6,1000.55,0.10000000000002274,"hft_dominated",1768680343.7141182
712,1000.5,1000.7,1000.6,0.20000000000004547,"hft_dominated",1768680343.7193394
713,1000.5,1000.9,1000.7,0.39999999999997726,"hft_dominated",1768680343.7236671
714,1000.6,1000.8,1000.7,0.1999999999999318,"hft_dominated",1768680343.7292068
715,1000.7,1000.8,1000.75,0.09999999999990905,"hft_dominated",1768680343.735813
716,1000.7,1000.9,1000.8,0.1999999999999318,"hft_dominated",1768680343.743014
717,1000.7,1000.8,1000.75,0.09999999999990905,"hft_dominated",1768680343.7496052
718,1000.7,1000.8,1000.75,0.09999999999990905,"hft_dominated",1768680343.7551339
719,1000.7,1000.8,1000.75,0.09999999999990905,"hft_dominated",1768680343.7606037
720,1000.7,1001,1000.85,0.2999999999999545,"hft_dominated",1768680343.7672331
721,1000.7,1000.9,1000.8,0.1999999999999318,"hft_dominated",1768680343.7735088
722,1000.7,1000.9,1000.8,0.1999999999999318,"hft_dominated",1768680343.7791722
723,1000.7,1000.9,1000.8,0.1999999999999318,"hft_dominated",1768680343.7852428
724,1000.7,1001,1000.85,0.2999999999999545,"hft_dominated",1768680343.7893507
725,1000.8,1001,1000.9,0.20000000000004547,"hft_dominated",1768680343.795977
726,1000.8,1001,1000.9,0.20000000000004547,"hft_dominated",1768680343.8001807
727,1000.8,1000.9,1000.8499999999999,0.10000000000002274,"hft_dominated",1768680343.8064537
728,1000.8,1000.9,1000.8499999999999,0.10000000000002274,"hft_dominated",1768680343.8109326
729,1000.8,1000.9,1000.8499999999999,0.10000000000002274,"hft_dominated",1768680343.8156943
730,1000.8,1000.9,1000.8499999999999,0.10000000000002274,"hft_dominated",1768680343.821146
731,1000.7,1000.9,1000.8,0.1999999999999318,"hft_dominated",1768680343.827026
732,1000.7,1000.8,1000.75,0.09999999999990905,"hft_dominated",1768680343.8323736
733,1000.5,1000.9,1000.7,0.39999999999997726,"hft_dominated",1768680343.8382137
734,1000.6,1000.7,1000.6500000000001,0.10000000000002274,"hft_dominated",1768680343.8429646
735,1000.6,1000.7,1000.6500000000001,0.10000000000002274,"hft_dominated",1768680343.8486524
736,1000.3,1001,1000.65,0.7000000000000455,"hft_dominated",1768680343.8538013
737,1000.5,1000.8,1000.65,0.2999999999999545,"hft_dominated",1768680343.859447
738,1000.3,1001,1000.65,0.7000000000000455,"hft_dominated",1768680343.8652236
739,1000.3,1001,1000.65,0.7000000000000455,"hft_dominated",1768680343.8707068
740,1000.3,1001,1000.65,0.7000000000000455,"hft_dominated",1768680343.8765821
741,1000.3,1001,1000.65,0.7000000000000455,"hft_dominated",1768680343.8833044
742,1000.6,1000.8,1000.7,0.1999999999999318,"hft_dominated",1768680343.8893049
743,1000.7,1000.8,1000.75,0.09999999999990905,"hft_dominated",1768680343.8957846
744,1000.6,1000.8,1000.7,0.1999999999999318,"hft_dominated",1768680343.9011033
745,1000.6,1000.8,1000.7,0.1999999999999318,"hft_dominated",1768680343.9064686
746,1000.3,1000.8,1000.55,0.5,"hft_dominated",1768680343.9114275
747,1000.3,1000.8,1000.55,0.5,"hft_dominated",1768680343.9170895
748,1000.5,1000.7,1000.6,0.20000000000004547,"hft_dominated",1768680343.921927
749,1000.5,1000.7,1000.6,0.20000000000004547,"hft_dominated",1768680343.9278588
750,1000.5,1000.7,1000.6,0.20000000000004547,"hft_dominated",1768680343.933248
751,1000.4,1000.8,1000.5999999999999,0.39999999999997726,"hft_dominated",1768680343.9378743
752,1000.5,1000.7,1000.6,0.20000000000004547,"hft_dominated",1768680343.9431126
753,1000.5,1000.7,1000.6,0.20000000000004547,"hft_dominated",1768680343.9486952
754,1000.5,1000.7,1000.6,0.20000000000004547,"hft_dominated",1768680343.9544785
755,1000.5,1000.7,1000.6,0.20000000000004547,"hft_dominated",1768680343.9602637
756,1000.5,1000.6,1000.55,0.10000000000002274,"hft_dominated",1768680343.9653757
757,1000.4,1000.6,1000.5,0.20000000000004547,"hft_dominated",1768680343.9703543
758,1000.4,1000.6,1000.5,0.20000000000004547,"hft_dominated",1768680343.9762795
759,1000.5,1000.6,1000.55,0.10000000000002274,"hft_dominated",1768680343.979718
760,1000.5,1000.6,1000.55,0.10000000000002274,"hft_dominated",1768680343.9851189
761,1000.5,1000.7,1000.6,0.20000000000004547,"hft_dominated",1768680343.9909887
762,1000.5,1000.7,1000.6,0.20000000000004547,"hft_dominated",1768680343.9957685
763,1000.5,1000.8,1000.65,0.2999999999999545,"hft_dominated",1768680344.0012867
764,1000.6,1000.8,1000.7,0.1999999999999318,"hft_dominated",1768680344.007412
765,1000.7,1000.8,1000.75,0.09999999999990905,"hft_dominated",1768680344.0125315
766,1000.7,1001,1000.85,0.2999999999999545,"hft_dominated",1768680344.0181282
767,1000.7,1001.1,1000.9000000000001,0.39999999999997726,"hft_dominated",1768680344.0235188
768,1000.7,1001.3,1001,0.599999999999909,"hft_dominated",1768680344.0284488
769,1000.9,1001.1,1001,0.20000000000004547,"hft_dominated",1768680344.0345402
770,1000.9,1001.1,1001,0.20000000000004547,"hft_dominated",1768680344.042781
771,1000.7,1001.3,1001,0.599999999999909,"hft_dominated",1768680344.049936
772,1000.7,1001.3,1001,0.599999999999909,"hft_dominated",1768680344.0543985
773,1000.9,1001.1,1001,0.20000000000004547,"hft_dominated",1768680344.063364
774,1000.7,1001.4,1001.05,0.6999999999999318,"hft_dominated",1768680344.0691977
775,1001,1001.4,1001.2,0.39999999999997726,"hft_dominated",1768680344.0816793
776,1001.1,1001.3,1001.2,0.1999999999999318,"hft_dominated",1768680344.087689
777,1001.1,1001.3,1001.2,0.1999999999999318,"hft_dominated",1768680344.0931697
778,1001.1,1001.2,1001.1500000000001,0.10000000000002274,"hft_dominated",1768680344.0983772
779,1001.1,1001.2,1001.1500000000001,0.10000000000002274,"hft_dominated",1768680344.103379
780,1001.1,1001.2,1001.1500000000001,0.10000000000002274,"hft_dominated",1768680344.108925
781,1001.1,1001.2,1001.1500000000001,0.10000000000002274,"hft_dominated",1768680344.114401
782,1001.1,1001.2,1001.1500000000001,0.10000000000002274,"hft_dominated",1768680344.1193032
783,1001.1,1001.2,1001.1500000000001,0.10000000000002274,"hft_dominated",1768680344.1271877
784,1001.1,1001.2,1001.1500000000001,0.10000000000002274,"hft_dominated",1768680344.1328013
785,1001,1001.3,1001.15,0.2999999999999545,"hft_dominated",1768680344.1378965
786,1001,1001.3,1001.15,0.2999999999999545,"hft_dominated",1768680344.1432607
787,1001.1,1001.3,1001.2,0.1999999999999318,"hft_dominated",1768680344.1486552
788,1001.1,1001.2,1001.1500000000001,0.10000000000002274,"hft_dominated",1768680344.1540642
789,1001.1,1001.2,1001.1500000000001,0.10000000000002274,"hft_dominated",1768680344.1592605
790,1000.9,1001.2,1001.05,0.3000000000000682,"hft_dominated",1768680344.1646717
791,1000.9,1001.2,1001.05,0.3000000000000682,"hft_dominated",1768680344.169944
792,1001,1001.1,1001.05,0.10000000000002274,"hft_dominated",1768680344.1753433
793,1001,1001.2,1001.1,0.20000000000004547,"hft_dominated",1768680344.1808677
794,1001.1,1001.4,1001.25,0.2999999999999545,"hft_dominated",1768680344.1863847
795,1001.1,1001.4,1001.25,0.2999999999999545,"hft_dominated",1768680344.1912725
796,1001.2,1001.4,1001.3,0.1999999999999318,"hft_dominated",1768680344.1966913
797,1001.1,1001.3,1001.2,0.1999999999999318,"hft_dominated",1768680344.20202
798,1001.1,1001.3,1001.2,0.1999999999999318,"hft_dominated",1768680344.2082036
799,1001.1,1001.3,1001.2,0.1999999999999318,"hft_dominated",1768680344.2110596
800,1001.1,1001.3,1001.2,0.1999999999999318,"hft_dominated",1768680344.2169583
801,1001.1,1001.2,1001.1500000000001,0.10000000000002274,"hft_dominated",1768680344.2218165
802,1001,1001.4,1001.2,0.39999999999997726,"hft_dominated",1768680344.2271774
803,1000.5,1001.2,1000.85,0.7000000000000455,"hft_dominated",1768680344.2330585
804,1000.6,1001.1,1000.85,0.5,"hft_dominated",1768680344.2384522
805,1000.6,1001.1,1000.85,0.5,"hft_dominated",1768680344.2431607
806,1000.8,1001,1000.9,0.20000000000004547,"hft_dominated",1768680344.2492414
807,1000.5,1001.3,1000.9,0.7999999999999545,"hft_dominated",1768680344.254059
808,1000.8,1001,1000.9,0.20000000000004547,"hft_dominated",1768680344.2597451
809,1000.8,1001,1000.9,0.20000000000004547,"hft_dominated",1768680344.2635517
810,1000.8,1000.9,1000.8499999999999,0.10000000000002274,"hft_dominated",1768680344.2695167
811,1000.4,1001.3,1000.8499999999999,0.8999999999999773,"hft_dominated",1768680344.2748156
812,1000.8,1001,1000.9,0.20000000000004547,"hft_dominated",1768680344.2815945
813,1000.8,1001.2,1001,0.40000000000009095,"hft_dominated",1768680344.2867854
814,1001,1001.1,1001.05,0.10000000000002274,"hft_dominated",1768680344.2910442
815,1001,1001.1,1001.05,0.10000000000002274,"hft_dominated",1768680344.296382
816,1001,1001.4,1001.2,0.39999999999997726,"hft_dominated",1768680344.3009393
817,1001,1001.4,1001.2,0.39999999999997726,"hft_dominated",1768680344.3054316
818,1001.2,1001.3,1001.25,0.09999999999990905,"hft_dominated",1768680344.3115344
819,1001.2,1001.3,1001.25,0.09999999999990905,"hft_dominated",1768680344.3189287
820,1001.2,1001.7,1001.45,0.5,"hft_dominated",1768680344.3233247
821,1001.4,1001.6,1001.5,0.20000000000004547,"hft_dominated",1768680344.3299334
822,1001.2,1002,1001.6,0.7999999999999545,"hft_dominated",1768680344.3367007
823,1001,1001.6,1001.3,0.6000000000000227,"hft_dominated",1768680344.3432274
824,1001.1,1001.3,1001.2,0.1999999999999318,"hft_dominated",1768680344.347986
825,1001.1,1001.3,1001.2,0.1999999999999318,"hft_dominated",1768680344.3531227
826,1001.2,1001.3,1001.25,0.09999999999990905,"hft_dominated",1768680344.3573327
827,1001.2,1001.3,1001.25,0.09999999999990905,"hft_dominated",1768680344.3620486
828,1001.2,1001.3,1001.25,0.09999999999990905,"hft_dominated",1768680344.367115
829,1001.2,1001.3,1001.25,0.09999999999990905,"hft_dominated",1768680344.3713748
830,1001.2,1001.6,1001.4000000000001,0.39999999999997726,"hft_dominated",1768680344.3768256
831,1001.4,1001.7,1001.55,0.3000000000000682,"hft_dominated",1768680344.3833022
832,1001.5,1001.7,1001.6,0.20000000000004547,"hft_dominated",1768680344.3887596
833,1001.4,1001.8,1001.5999999999999,0.39999999999997726,"hft_dominated",1768680344.393836
834,1001.4,1001.8,1001.5999999999999,0.39999999999997726,"hft_dominated",1768680344.3982828
835,1001.4,1001.8,1001.5999999999999,0.39999999999997726,"hft_dominated",1768680344.4043617
836,1001.5,1001.7,1001.6,0.20000000000004547,"hft_dominated",1768680344.409806
837,1001.6,1001.7,1001.6500000000001,0.10000000000002274,"hft_dominated",1768680344.4153478
838,1001.5,1001.7,1001.6,0.20000000000004547,"hft_dominated",1768680344.4203765
839,1001.3,1001.9,1001.5999999999999,0.6000000000000227,"hft_dominated",1768680344.4256816
840,1001.5,1001.7,1001.6,0.20000000000004547,"hft_dominated",1768680344.4293637
841,1001.5,1001.7,1001.6,0.20000000000004547,"hft_dominated",1768680344.4354424
842,1001.6,1002.1,1001.85,0.5,"hft_dominated",1768680344.4406538
843,1001.3,1001.9,1001.5999999999999,0.6000000000000227,"hft_dominated",1768680344.446155
844,1001.2,1001.9,1001.55,0.6999999999999318,"hft_dominated",1768680344.4523487
845,1001.2,1002,1001.6,0.7999999999999545,"hft_dominated",1768680344.4582193
846,1001.5,1001.7,1001.6,0.20000000000004547,"hft_dominated",1768680344.4637067
847,1001.5,1001.7,1001.6,0.20000000000004547,"hft_dominated",1768680344.4699674
848,1001.5,1001.6,1001.55,0.10000000000002274,"hft_dominated",1768680344.475976
849,1001.5,1001.7,1001.6,0.20000000000004547,"hft_dominated",1768680344.4814794
850,1001.5,1001.7,1001.6,0.20000000000004547,"hft_dominated",1768680344.4873884
851,1001.6,1001.7,1001.6500000000001,0.10000000000002274,"hft_dominated",1768680344.4922612
852,1001.6,1001.7,1001.6500000000001,0.10000000000002274,"hft_dominated",1768680344.4974551
853,1001.6,1001.7,1001.6500000000001,0.10000000000002274,"hft_dominated",1768680344.5005515
854,1001.6,1001.7,1001.6500000000001,0.10000000000002274,"hft_dominated",1768680344.5040188
855,1001.6,1001.7,1001.6500000000001,0.10000000000002274,"hft_dominated",1768680344.5092444
856,1001.6,1001.7,1001.6500000000001,0.10000000000002274,"hft_dominated",1768680344.5146992
857,1001.6,1001.7,1001.6500000000001,0.10000000000002274,"hft_dominated",1768680344.5203385
858,1001.6,1001.7,1001.6500000000001,0.10000000000002274,"hft_dominated",1768680344.5258334
859,1001.6,1001.7,1001.6500000000001,0.10000000000002274,"hft_dominated",1768680344.5315816
860,1001.6,1001.7,1001.6500000000001,0.10000000000002274,"hft_dominated",1768680344.5365863
861,1001.6,1001.7,1001.6500000000001,0.10000000000002274,"hft_dominated",1768680344.5414567
862,1001.6,1001.7,1001.6500000000001,0.10000000000002274,"hft_dominated",1768680344.546971
863,1001.6,1001.7,1001.6500000000001,0.10000000000002274,"hft_dominated",1768680344.5529063
864,1001.6,1001.7,1001.6500000000001,0.10000000000002274,"hft_dominated",1768680344.558118
865,1001.6,1001.7,1001.6500000000001,0.10000000000002274,"hft_dominated",1768680344.563766
866,1001.4,1001.9,1001.65,0.5,"hft_dominated",1768680344.5688388
867,1001,1002.3,1001.65,1.2999999999999545,"hft_dominated",1768680344.5741138
868,1001.5,1001.8,1001.65,0.2999999999999545,"hft_dominated",1768680344.5821223
869,1001.5,1001.8,1001.65,0.2999999999999545,"hft_dominated",1768680344.5910375
870,1001.4,1001.9,1001.65,0.5,"hft_dominated",1768680344.5960886
871,1001.5,1001.8,1001.65,0.2999999999999545,"hft_dominated",1768680344.6039155
872,1000.9,1002.4,1001.65,1.5,"hft_dominated",1768680344.6103435
873,1001.4,1001.7,1001.55,0.3000000000000682,"hft_dominated",1768680344.6169255
874,1001.5,1001.6,1001.55,0.10000000000002274,"hft_dominated",1768680344.621678
875,1001.2,1001.6,1001.4000000000001,0.39999999999997726,"hft_dominated",1768680344.6275024
876,1000.8,1001.6,1001.2,0.8000000000000682,"hft_dominated",1768680344.63267
877,1001.1,1001.3,1001.2,0.1999999999999318,"hft_dominated",1768680344.6380873
878,1001.1,1001.3,1001.2,0.1999999999999318,"hft_dominated",1768680344.6431606
879,1001.1,1001.3,1001.2,0.1999999999999318,"hft_dominated",1768680344.6489978
880,1001.1,1001.2,1001.1500000000001,0.10000000000002274,"hft_dominated",1768680344.6544955
881,1001.1,1001.2,1001.1500000000001,0.10000000000002274,"hft_dominated",1768680344.6604424
882,1001.1,1001.2,1001.1500000000001,0.10000000000002274,"hft_dominated",1768680344.666094
883,1001.1,1001.2,1001.1500000000001,0.10000000000002274,"hft_dominated",1768680344.671423
884,1001.1,1001.2,1001.1500000000001,0.10000000000002274,"hft_dominated",1768680344.6757038
885,1001.1,1001.2,1001.1500000000001,0.10000000000002274,"hft_dominated",1768680344.6812289
886,1001.1,1001.2,1001.1500000000001,0.10000000000002274,"hft_dominated",1768680344.6858714
887,1001.1,1001.2,1001.1500000000001,0.10000000000002274,"hft_dominated",1768680344.691804
888,1001.1,1001.2,1001.1500000000001,0.10000000000002274,"hft_dominated",1768680344.6974254
889,1001.1,1001.2,1001.1500000000001,0.10000000000002274,"hft_dominated",1768680344.7028062
890,1001.1,1001.4,1001.25,0.2999999999999545,"hft_dominated",1768680344.7082007
891,1001.2,1001.4,1001.3,0.1999999999999318,"hft_dominated",1768680344.7138102
892,1001.3,1001.4,1001.3499999999999,0.10000000000002274,"hft_dominated",1768680344.7191265
893,1001.2,1001.4,1001.3,0.1999999999999318,"hft_dominated",1768680344.7243981
894,1001.2,1001.4,1001.3,0.1999999999999318,"hft_dominated",1768680344.7298052
895,1001.3,1001.4,1001.3499999999999,0.10000000000002274,"hft_dominated",1768680344.7350714
896,1001.3,1001.4,1001.3499999999999,0.10000000000002274,"hft_dominated",1768680344.7403588
897,1001.3,1001.5,1001.4,0.20000000000004547,"hft_dominated",1768680344.7457743
898,1001.3,1001.4,1001.3499999999999,0.10000000000002274,"hft_dominated",1768680344.7513494
899,1001.2,1001.4,1001.3,0.1999999999999318,"hft_dominated",1768680344.7568207
900,1001.2,1001.4,1001.3,0.1999999999999318,"hft_dominated",1768680344.7645442
901,1001.2,1001.4,1001.3,0.1999999999999318,"hft_dominated",1768680344.7694843
902,1001.3,1001.4,1001.3499999999999,0.10000000000002274,"hft_dominated",1768680344.7727442
903,1001.3,1001.4,1001.3499999999999,0.10000000000002274,"hft_dominated",1768680344.7787583
904,1001.1,1001.4,1001.25,0.2999999999999545,"hft_dominated",1768680344.7838356
905,1001.2,1001.4,1001.3,0.1999999999999318,"hft_dominated",1768680344.7893589
906,1001.2,1001.4,1001.3,0.1999999999999318,"hft_dominated",1768680344.7950547
907,1001.2,1001.4,1001.3,0.1999999999999318,"hft_dominated",1768680344.7997327
908,1001.2,1001.4,1001.3,0.1999999999999318,"hft_dominated",1768680344.8057578
909,1001.2,1001.4,1001.3,0.1999999999999318,"hft_dominated",1768680344.811368
910,1001.2,1001.4,1001.3,0.1999999999999318,"hft_dominated",1768680344.8168118
911,1001.2,1001.4,1001.3,0.1999999999999318,"hft_dominated",1768680344.821551
912,1001.2,1001.4,1001.3,0.1999999999999318,"hft_dominated",1768680344.8277814
913,1001.2,1001.4,1001.3,0.1999999999999318,"hft_dominated",1768680344.8330863
914,1001.2,1001.4,1001.3,0.1999999999999318,"hft_dominated",1768680344.8387523
915,1001,1001.6,1001.3,0.6000000000000227,"hft_dominated",1768680344.8440037
916,1001.2,1001.4,1001.3,0.1999999999999318,"hft_dominated",1768680344.8498697
917,1001.2,1001.4,1001.3,0.1999999999999318,"hft_dominated",1768680344.8544688
918,1001.2,1001.4,1001.3,0.1999999999999318,"hft_dominated",1768680344.8603184
919,1001.2,1001.3,1001.25,0.09999999999990905,"hft_dominated",1768680344.865793
920,1000.7,1001.3,1001,0.599999999999909,"hft_dominated",1768680344.8704798
921,1000.9,1001.1,1001,0.20000000000004547,"hft_dominated",1768680344.8766563
922,1000.3,1001,1000.65,0.7000000000000455,"hft_dominated",1768680344.8813148
923,1000.5,1000.7,1000.6,0.20000000000004547,"hft_dominated",1768680344.8873591
924,1000.3,1000.7,1000.5,0.40000000000009095,"hft_dominated",1768680344.8927884
925,999.9,1000.5,1000.2,0.6000000000000227,"hft_dominated",1768680344.8980992
926,1000.1,1000.3,1000.2,0.1999999999999318,"hft_dominated",1768680344.9034543
927,1000.2,1000.3,1000.25,0.09999999999990905,"hft_dominated",1768680344.9088004
928,1000.2,1000.5,1000.35,0.2999999999999545,"hft_dominated",1768680344.9142613
929,1000.3,1000.4,1000.3499999999999,0.10000000000002274,"hft_dominated",1768680344.9198735
930,1000.2,1000.5,1000.35,0.2999999999999545,"hft_dominated",1768680344.9262912
931,1000.2,1000.9,1000.55,0.6999999999999318,"hft_dominated",1768680344.9329257
932,1000.2,1001.1,1000.6500000000001,0.8999999999999773,"hft_dominated",1768680344.9387696
933,1000.6,1000.8,1000.7,0.1999999999999318,"hft_dominated",1768680344.9444318
934,1000.6,1000.7,1000.6500000000001,0.10000000000002274,"hft_dominated",1768680344.9494412
935,1000.6,1000.7,1000.6500000000001,0.10000000000002274,"hft_dominated",1768680344.954555
936,1000.6,1000.7,1000.6500000000001,0.10000000000002274,"hft_dominated",1768680344.961226
937,1000.6,1000.7,1000.6500000000001,0.10000000000002274,"hft_dominated",1768680344.9660702
938,1000.6,1000.7,1000.6500000000001,0.10000000000002274,"hft_dominated",1768680344.972062
939,1000.6,1000.7,1000.6500000000001,0.10000000000002274,"hft_dominated",1768680344.9790628
940,1000.6,1000.8,1000.7,0.1999999999999318,"hft_dominated",1768680344.98545
941,1000.6,1000.8,1000.7,0.1999999999999318,"hft_dominated",1768680344.991208
942,1000.6,1000.8,1000.7,0.1999999999999318,"hft_dominated",1768680344.9963598
943,1000.6,1000.7,1000.6500000000001,0.10000000000002274,"hft_dominated",1768680345.001917
944,1000.4,1000.9,1000.65,0.5,"hft_dominated",1768680345.0077693
945,1000.6,1000.7,1000.6500000000001,0.10000000000002274,"hft_dominated",1768680345.0125399
946,1000.6,1000.7,1000.6500000000001,0.10000000000002274,"hft_dominated",1768680345.0182106
947,1000.6,1000.7,1000.6500000000001,0.10000000000002274,"hft_dominated",1768680345.0231943
948,1000.6,1000.7,1000.6500000000001,0.10000000000002274,"hft_dominated",1768680345.0276053
949,1000.6,1000.7,1000.6500000000001,0.10000000000002274,"hft_dominated",1768680345.03288
950,1000.6,1000.7,1000.6500000000001,0.10000000000002274,"hft_dominated",1768680345.038246
951,1000.6,1000.7,1000.6500000000001,0.10000000000002274,"hft_dominated",1768680345.0429916
952,1000.6,1000.7,1000.6500000000001,0.10000000000002274,"hft_dominated",1768680345.0483866
953,1000.6,1000.7,1000.6500000000001,0.10000000000002274,"hft_dominated",1768680345.0542245
954,1000.6,1000.7,1000.6500000000001,0.10000000000002274,"hft_dominated",1768680345.059351
955,1000.6,1000.7,1000.6500000000001,0.10000000000002274,"hft_dominated",1768680345.0644908
956,1000.6,1000.7,1000.6500000000001,0.10000000000002274,"hft_dominated",1768680345.07091
957,1000.6,1000.7,1000.6500000000001,0.10000000000002274,"hft_dominated",1768680345.0753617
958,1000.6,1000.7,1000.6500000000001,0.10000000000002274,"hft_dominated",1768680345.0813255
959,1000.6,1000.7,1000.6500000000001,0.10000000000002274,"hft_dominated",1768680345.0865362
960,1000.3,1001,1000.65,0.7000000000000455,"hft_dominated",1768680345.0913105
961,1000.3,1000.7,1000.5,0.40000000000009095,"hft_dominated",1768680345.0972893
962,1000.4,1000.6,1000.5,0.20000000000004547,"hft_dominated",1768680345.102261
963,1000.4,1000.6,1000.5,0.20000000000004547,"hft_dominated",1768680345.1077878
964,1000.3,1000.7,1000.5,0.40000000000009095,"hft_dominated",1768680345.1134636
965,1000.3,1000.7,1000.5,0.40000000000009095,"hft_dominated",1768680345.1190712
966,1000.5,1000.6,1000.55,0.10000000000002274,"hft_dominated",1768680345.123925
967,1000.5,1000.6,1000.55,0.10000000000002274,"hft_dominated",1768680345.1292837
968,1000.5,1000.6,1000.55,0.10000000000002274,"hft_dominated",1768680345.135023
969,1000.5,1001,1000.75,0.5,"hft_dominated",1768680345.140121
970,1000.5,1001,1000.75,0.5,"hft_dominated",1768680345.1453097
971,1000.7,1000.9,1000.8,0.1999999999999318,"hft_dominated",1768680345.1501276
972,1000.7,1000.9,1000.8,0.1999999999999318,"hft_dominated",1768680345.153322
973,1000.5,1000.8,1000.65,0.2999999999999545,"hft_dominated",1768680345.1586862
974,1000.6,1000.8,1000.7,0.1999999999999318,"hft_dominated",1768680345.1644018
975,1000.6,1000.7,1000.6500000000001,0.10000000000002274,"hft_dominated",1768680345.1700861
976,1000.6,1000.8,1000.7,0.1999999999999318,"hft_dominated",1768680345.1755285
977,1000.7,1000.8,1000.75,0.09999999999990905,"hft_dominated",1768680345.1805298
978,1000.7,1000.8,1000.75,0.09999999999990905,"hft_dominated",1768680345.185461
979,1000.7,1000.9,1000.8,0.1999999999999318,"hft_dominated",1768680345.1907382
980,1000.7,1001,1000.85,0.2999999999999545,"hft_dominated",1768680345.194723
981,1000.7,1001,1000.85,0.2999999999999545,"hft_dominated",1768680345.199914
982,1000.8,1001,1000.9,0.20000000000004547,"hft_dominated",1768680345.2074423
983,1000.8,1000.9,1000.8499999999999,0.10000000000002274,"hft_dominated",1768680345.21234
984,1000.8,1000.9,1000.8499999999999,0.10000000000002274,"hft_dominated",1768680345.2178495
985,1000.8,1000.9,1000.8499999999999,0.10000000000002274,"hft_dominated",1768680345.2225592
986,1000.7,1000.9,1000.8,0.1999999999999318,"hft_dominated",1768680345.2261243
987,1000.4,1000.9,1000.65,0.5,"hft_dominated",1768680345.2317147
988,1000.6,1000.9,1000.75,0.2999999999999545,"hft_dominated",1768680345.2374303
989,1000.6,1000.9,1000.75,0.2999999999999545,"hft_dominated",1768680345.2426846
990,1000.4,1001.1,1000.75,0.7000000000000455,"hft_dominated",1768680345.24735
991,1000.7,1000.9,1000.8,0.1999999999999318,"hft_dominated",1768680345.252767
992,1000.7,1000.9,1000.8,0.1999999999999318,"hft_dominated",1768680345.2586608
993,1000.6,1001,1000.8,0.39999999999997726,"hft_dominated",1768680345.264705
994,1000.7,1000.8,1000.75,0.09999999999990905,"hft_dominated",1768680345.2699702
995,1000.7,1000.9,1000.8,0.1999999999999318,"hft_dominated",1768680345.275467
996,1000.7,1000.9,1000.8,0.1999999999999318,"hft_dominated",1768680345.2813897
997,1000.7,1000.9,1000.8,0.1999999999999318,"hft_dominated",1768680345.2865255
998,1000.7,1000.9,1000.8,0.1999999999999318,"hft_dominated",1768680345.2913678
999,1000.8,1001.4,1001.0999999999999,0.6000000000000227,"hft_dominated",1768680345.2969973
1000,1001,1001.1,1001.05,0.10000000000002274,"hft_dominated",1768680345.3061812
1001,1001,1001.1,1001.05,0.10000000000002274,"hft_dominated",1768680345.3121207
1002,1001,1001.1,1001.05,0.10000000000002274,"hft_dominated",1768680345.318621
1003,1001,1001.1,1001.05,0.10000000000002274,"hft_dominated",1768680345.327717
1004,1000.8,1001.1,1000.95,0.3000000000000682,"hft_dominated",1768680345.333622
1005,1000.8,1001,1000.9,0.20000000000004547,"hft_dominated",1768680345.33928
1006,1000.8,1000.9,1000.8499999999999,0.10000000000002274,"hft_dominated",1768680345.3461862
1007,1000.8,1001,1000.9,0.20000000000004547,"hft_dominated",1768680345.350424
1008,1000.8,1001.4,1001.0999999999999,0.6000000000000227,"hft_dominated",1768680345.356321
1009,1001,1001.2,1001.1,0.20000000000004547,"hft_dominated",1768680345.361842
1010,1000.8,1001.1,1000.95,0.3000000000000682,"hft_dominated",1768680345.366911
1011,1000.8,1001.1,1000.95,0.3000000000000682,"hft_dominated",1768680345.3747897
1012,1000.9,1001.1,1001,0.20000000000004547,"hft_dominated",1768680345.3810165
1013,1001,1001.1,1001.05,0.10000000000002274,"hft_dominated",1768680345.3857062
1014,1001,1001.1,1001.05,0.10000000000002274,"hft_dominated",1768680345.391795
1015,1001,1001.1,1001.05,0.10000000000002274,"hft_dominated",1768680345.3964326
1016,1001,1001.1,1001.05,0.10000000000002274,"hft_dominated",1768680345.4008906
1017,1001,1001.1,1001.05,0.10000000000002274,"hft_dominated",1768680345.4069204
1018,1001,1001.1,1001.05,0.10000000000002274,"hft_dominated",1768680345.412759
1019,1001,1001.1,1001.05,0.10000000000002274,"hft_dominated",1768680345.4182963
1020,1001,1001.1,1001.05,0.10000000000002274,"hft_dominated",1768680345.4238482
1021,1001,1001.1,1001.05,0.10000000000002274,"hft_dominated",1768680345.4299903
1022,1001,1001.1,1001.05,0.10000000000002274,"hft_dominated",1768680345.435407
1023,1001,1001.1,1001.05,0.10000000000002274,"hft_dominated",1768680345.440833
1024,1001,1001.1,1001.05,0.10000000000002274,"hft_dominated",1768680345.446289
1025,1000.8,1001.1,1000.95,0.3000000000000682,"hft_dominated",1768680345.4511862
1026,1000.9,1001,1000.95,0.10000000000002274,"hft_dominated",1768680345.456821
1027,1000.9,1001,1000.95,0.10000000000002274,"hft_dominated",1768680345.4634209
1028,1000.9,1001,1000.95,0.10000000000002274,"hft_dominated",1768680345.4690595
1029,1000.7,1001,1000.85,0.2999999999999545,"hft_dominated",1768680345.4742835
1030,1000.4,1001,1000.7,0.6000000000000227,"hft_dominated",1768680345.479755
1031,1000.6,1000.8,1000.7,0.1999999999999318,"hft_dominated",1768680345.4844878
1032,1000.7,1001,1000.85,0.2999999999999545,"hft_dominated",1768680345.490812
1033,1000.8,1000.9,1000.8499999999999,0.10000000000002274,"hft_dominated",1768680345.4952264
1034,1000.7,1000.9,1000.8,0.1999999999999318,"hft_dominated",1768680345.500753
1035,1000.7,1001,1000.85,0.2999999999999545,"hft_dominated",1768680345.5065603
1036,1000.7,1001,1000.85,0.2999999999999545,"hft_dominated",1768680345.5123718
1037,1000.7,1001,1000.85,0.2999999999999545,"hft_dominated",1768680345.5153205
1038,1000.6,1001,1000.8,0.39999999999997726,"hft_dominated",1768680345.51862
1039,1000.6,1000.8,1000.7,0.1999999999999318,"hft_dominated",1768680345.5221875
1040,1000.6,1000.8,1000.7,0.1999999999999318,"hft_dominated",1768680345.5262852
1041,1000.3,1000.8,1000.55,0.5,"hft_dominated",1768680345.5294938
1042,1000.4,1000.7,1000.55,0.3000000000000682,"hft_dominated",1768680345.5333211
1043,1000.5,1000.7,1000.6,0.20000000000004547,"hft_dominated",1768680345.536359
1044,1000.5,1000.6,1000.55,0.10000000000002274,"hft_dominated",1768680345.539562
1045,1000.2,1000.6,1000.4000000000001,0.39999999999997726,"hft_dominated",1768680345.5434322
1046,1000.3,1000.4,1000.3499999999999,0.10000000000002274,"hft_dominated",1768680345.5467103
1047,1000.1,1000.4,1000.25,0.2999999999999545,"hft_dominated",1768680345.549942
1048,1000,1000.4,1000.2,0.39999999999997726,"hft_dominated",1768680345.5531886
1049,1000.1,1000.3,1000.2,0.1999999999999318,"hft_dominated",1768680345.5561793
1050,1000.1,1000.3,1000.2,0.1999999999999318,"hft_dominated",1768680345.5593462
1051,1000.2,1000.6,1000.4000000000001,0.39999999999997726,"hft_dominated",1768680345.563752
1052,1000.2,1000.6,1000.4000000000001,0.39999999999997726,"hft_dominated",1768680345.5668702
1053,1000.2,1000.4,1000.3,0.1999999999999318,"hft_dominated",1768680345.5700471
1054,1000.2,1000.4,1000.3,0.1999999999999318,"hft_dominated",1768680345.573379
1055,1000.2,1000.3,1000.25,0.09999999999990905,"hft_dominated",1768680345.5764177
1056,1000.2,1000.3,1000.25,0.09999999999990905,"hft_dominated",1768680345.5815322
1057,1000.2,1000.3,1000.25,0.09999999999990905,"hft_dominated",1768680345.5858173
1058,999.7,1000.3,1000,0.599999999999909,"hft_dominated",1768680345.5884616
1059,999.9,1000.1,1000,0.20000000000004547,"hft_dominated",1768680345.5923104
1060,999.7,1000,999.85,0.2999999999999545,"hft_dominated",1768680345.5959754
1061,999.8,1000,999.9,0.20000000000004547,"hft_dominated",1768680345.6001701
1062,999.9,1000,999.95,0.10000000000002274,"hft_dominated",1768680345.603416
1063,999.9,1000,999.95,0.10000000000002274,"hft_dominated",1768680345.6062021
1064,999.9,1000,999.95,0.10000000000002274,"hft_dominated",1768680345.6095378
1065,999.9,1000,999.95,0.10000000000002274,"hft_dominated",1768680345.6129198
1066,999.9,1000,999.95,0.10000000000002274,"hft_dominated",1768680345.6167548
1067,999.9,1000.1,1000,0.20000000000004547,"hft_dominated",1768680345.6210597
1068,999.9,1000.1,1000,0.20000000000004547,"hft_dominated",1768680345.6243904
1069,999.9,1000.1,1000,0.20000000000004547,"hft_dominated",1768680345.628701
1070,999.9,1000.1,1000,0.20000000000004547,"hft_dominated",1768680345.6334605
1071,1000,1000.4,1000.2,0.39999999999997726,"hft_dominated",1768680345.6373563
1072,1000,1000.4,1000.2,0.39999999999997726,"hft_dominated",1768680345.6421256
1073,1000.1,1000.3,1000.2,0.1999999999999318,"hft_dominated",1768680345.6449249
1074,1000,1000.4,1000.2,0.39999999999997726,"hft_dominated",1768680345.6493897
1075,1000.2,1000.3,1000.25,0.09999999999990905,"hft_dominated",1768680345.6521559
1076,1000.2,1000.4,1000.3,0.1999999999999318,"hft_dominated",1768680345.6553264
1077,1000.2,1000.4,1000.3,0.1999999999999318,"hft_dominated",1768680345.6672914
1078,1000.2,1000.7,1000.45,0.5,"hft_dominated",1768680345.671108
1079,1000.3,1000.5,1000.4,0.20000000000004547,"hft_dominated",1768680345.6736178
1080,1000,1000.5,1000.25,0.5,"hft_dominated",1768680345.6772008
1081,1000.2,1000.3,1000.25,0.09999999999990905,"hft_dominated",1768680345.681371
1082,1000.2,1000.3,1000.25,0.09999999999990905,"hft_dominated",1768680345.685319
1083,1000.2,1000.3,1000.25,0.09999999999990905,"hft_dominated",1768680345.6882029
1084,1000.2,1000.3,1000.25,0.09999999999990905,"hft_dominated",1768680345.6918275
1085,1000.2,1000.3,1000.25,0.09999999999990905,"hft_dominated",1768680345.6961846
1086,1000.2,1000.3,1000.25,0.09999999999990905,"hft_dominated",1768680345.7001603
1087,1000.2,1000.3,1000.25,0.09999999999990905,"hft_dominated",1768680345.704773
1088,1000.2,1000.4,1000.3,0.1999999999999318,"hft_dominated",1768680345.710099
1089,1000.2,1000.6,1000.4000000000001,0.39999999999997726,"hft_dominated",1768680345.7145631
1090,1000.3,1000.4,1000.3499999999999,0.10000000000002274,"hft_dominated",1768680345.720352
1091,1000.2,1000.4,1000.3,0.1999999999999318,"hft_dominated",1768680345.7247353
1092,1000.2,1001.1,1000.6500000000001,0.8999999999999773,"hft_dominated",1768680345.7297845
1093,1000.6,1000.8,1000.7,0.1999999999999318,"hft_dominated",1768680345.7334504
1094,1000.6,1001,1000.8,0.39999999999997726,"hft_dominated",1768680345.7374778
1095,1000.7,1000.9,1000.8,0.1999999999999318,"hft_dominated",1768680345.7415793
1096,1000.8,1000.9,1000.8499999999999,0.10000000000002274,"hft_dominated",1768680345.7458763
1097,1000.8,1001.2,1001,0.40000000000009095,"hft_dominated",1768680345.753223
1098,1000.8,1001.6,1001.2,0.8000000000000682,"hft_dominated",1768680345.7627604
1099,1001.2,1001.3,1001.25,0.09999999999990905,"hft_dominated",1768680345.7682774
1100,1001.2,1001.3,1001.25,0.09999999999990905,"hft_dominated",1768680345.772715
1101,1001.2,1001.5,1001.35,0.2999999999999545,"hft_dominated",1768680345.7788742
1102,1001.2,1001.5,1001.35,0.2999999999999545,"hft_dominated",1768680345.78314
1103,1001.3,1001.8,1001.55,0.5,"hft_dominated",1768680345.7860167
1104,1001.3,1001.9,1001.5999999999999,0.6000000000000227,"hft_dominated",1768680345.7913194
1105,1001.6,1001.7,1001.6500000000001,0.10000000000002274,"hft_dominated",1768680345.796553
1106,1001.6,1001.8,1001.7,0.1999999999999318,"hft_dominated",1768680345.8002975
1107,1001.6,1001.8,1001.7,0.1999999999999318,"hft_dominated",1768680345.802876
1108,1001.6,1001.9,1001.75,0.2999999999999545,"hft_dominated",1768680345.8070266
1109,1001.6,1001.9,1001.75,0.2999999999999545,"hft_dominated",1768680345.811154
1110,1001.6,1001.9,1001.75,0.2999999999999545,"hft_dominated",1768680345.815583
1111,1001.5,1002,1001.75,0.5,"hft_dominated",1768680345.8195915
1112,1001.5,1002,1001.75,0.5,"hft_dominated",1768680345.8233614
1113,1001.4,1002.1,1001.75,0.7000000000000455,"hft_dominated",1768680345.826403
1114,1001.7,1001.9,1001.8,0.1999999999999318,"hft_dominated",1768680345.82976
1115,1001.8,1001.9,1001.8499999999999,0.10000000000002274,"hft_dominated",1768680345.833932
1116,1001.8,1002,1001.9,0.20000000000004547,"hft_dominated",1768680345.837865
1117,1001.8,1002,1001.9,0.20000000000004547,"hft_dominated",1768680345.8415763
1118,1001.8,1002,1001.9,0.20000000000004547,"hft_dominated",1768680345.844658
1119,1001.9,1002,1001.95,0.10000000000002274,"hft_dominated",1768680345.8484304
1120,1001.9,1002,1001.95,0.10000000000002274,"hft_dominated",1768680345.8522036
1121,1001.9,1002.1,1002,0.20000000000004547,"hft_dominated",1768680345.8572242
1122,1001.9,1002.1,1002,0.20000000000004547,"hft_dominated",1768680345.8602977
1123,1001.9,1002.2,1002.05,0.3000000000000682,"hft_dominated",1768680345.8638146
1124,1002,1002.2,1002.1,0.20000000000004547,"hft_dominated",1768680345.867165
1125,1002,1002.2,1002.1,0.20000000000004547,"hft_dominated",1768680345.8729608
1126,1002,1002.2,1002.1,0.20000000000004547,"hft_dominated",1768680345.8760028
1127,1002,1002.1,1002.05,0.10000000000002274,"hft_dominated",1768680345.879236
1128,1001.9,1002.1,1002,0.20000000000004547,"hft_dominated",1768680345.8830562
1129,1001.8,1002.1,1001.95,0.3000000000000682,"hft_dominated",1768680345.8861978
1130,1001.6,1002.1,1001.85,0.5,"hft_dominated",1768680345.88946
1131,1001.8,1002,1001.9,0.20000000000004547,"hft_dominated",1768680345.8933141
1132,1001.8,1002,1001.9,0.20000000000004547,"hft_dominated",1768680345.9013805
1133,1001.8,1002.2,1002,0.40000000000009095,"hft_dominated",1768680345.9043796
1134,1001.1,1002.9,1002,1.7999999999999545,"hft_dominated",1768680345.9079037
1135,1001.6,1002,1001.8,0.39999999999997726,"hft_dominated",1768680345.9110892
1136,1001.7,1001.9,1001.8,0.1999999999999318,"hft_dominated",1768680345.9144592
1137,1001.7,1001.9,1001.8,0.1999999999999318,"hft_dominated",1768680345.9177587
1138,1001.7,1001.9,1001.8,0.1999999999999318,"hft_dominated",1768680345.9207876
1139,1001.6,1002,1001.8,0.39999999999997726,"hft_dominated",1768680345.9260216
1140,1001.6,1002,1001.8,0.39999999999997726,"hft_dominated",1768680345.9302566
1141,1001.5,1001.8,1001.65,0.2999999999999545,"hft_dominated",1768680345.9332778
1142,1001.5,1001.8,1001.65,0.2999999999999545,"hft_dominated",1768680345.9362426
1143,1001.6,1001.8,1001.7,0.1999999999999318,"hft_dominated",1768680345.9393783
1144,1001.5,1001.9,1001.7,0.39999999999997726,"hft_dominated",1768680345.9441283
1145,1001.5,1001.9,1001.7,0.39999999999997726,"hft_dominated",1768680345.949339
1146,1001.7,1001.8,1001.75,0.09999999999990905,"hft_dominated",1768680345.9536812
1147,1001.7,1001.9,1001.8,0.1999999999999318,"hft_dominated",1768680345.9563513
1148,1001.4,1002.2,1001.8,0.8000000000000682,"hft_dominated",1768680345.9602735
1149,1001.5,1002.1,1001.8,0.6000000000000227,"hft_dominated",1768680345.9641466
1150,1001.4,1002.2,1001.8,0.8000000000000682,"hft_dominated",1768680345.9679909
1151,1001.4,1002.2,1001.8,0.8000000000000682,"hft_dominated",1768680345.9706118
1152,1001.6,1002,1001.8,0.39999999999997726,"hft_dominated",1768680345.9741974
1153,1001.5,1002.1,1001.8,0.6000000000000227,"hft_dominated",1768680345.9773858
1154,1001.7,1001.9,1001.8,0.1999999999999318,"hft_dominated",1768680345.980835
1155,1001.8,1002,1001.9,0.20000000000004547,"hft_dominated",1768680345.9846098
1156,1001.8,1002,1001.9,0.20000000000004547,"hft_dominated",1768680345.9879181
1157,1001.8,1001.9,1001.8499999999999,0.10000000000002274,"hft_dominated",1768680345.991387
1158,1001.6,1001.9,1001.75,0.2999999999999545,"hft_dominated",1768680345.9942276
1159,1001.7,1001.9,1001.8,0.1999999999999318,"hft_dominated",1768680345.9974906
1160,1001.7,1001.9,1001.8,0.1999999999999318,"hft_dominated",1768680346.0008907
1161,1001.6,1001.9,1001.75,0.2999999999999545,"hft_dominated",1768680346.0042322
1162,1001.4,1001.9,1001.65,0.5,"hft_dominated",1768680346.0073686
1163,1001.4,1001.9,1001.65,0.5,"hft_dominated",1768680346.010572
1164,1001.6,1001.9,1001.75,0.2999999999999545,"hft_dominated",1768680346.0144286
1165,1001.7,1001.9,1001.8,0.1999999999999318,"hft_dominated",1768680346.0173137
1166,1001.7,1001.8,1001.75,0.09999999999990905,"hft_dominated",1768680346.0214837
1167,1001.7,1001.8,1001.75,0.09999999999990905,"hft_dominated",1768680346.0264845
1168,1001.7,1001.9,1001.8,0.1999999999999318,"hft_dominated",1768680346.0294425
1169,1001.6,1001.9,1001.75,0.2999999999999545,"hft_dominated",1768680346.032467
1170,1001.7,1001.9,1001.8,0.1999999999999318,"hft_dominated",1768680346.0362933
1171,1001.6,1002.2,1001.9000000000001,0.6000000000000227,"hft_dominated",1768680346.0394976
1172,1001.8,1002,1001.9,0.20000000000004547,"hft_dominated",1768680346.0423727
1173,1001.9,1002.5,1002.2,0.6000000000000227,"hft_dominated",1768680346.0455694
1174,1001.9,1002.5,1002.2,0.6000000000000227,"hft_dominated",1768680346.0510414
1175,1002.2,1002.3,1002.25,0.09999999999990905,"hft_dominated",1768680346.054705
1176,1002.2,1002.4,1002.3,0.1999999999999318,"hft_dominated",1768680346.057299
1177,1002.2,1002.7,1002.45,0.5,"hft_dominated",1768680346.0616484
1178,1002.4,1002.6,1002.5,0.20000000000004547,"hft_dominated",1768680346.0653343
1179,1002.4,1002.6,1002.5,0.20000000000004547,"hft_dominated",1768680346.0691292
1180,1002.5,1003,1002.75,0.5,"hft_dominated",1768680346.073768
1181,1002.5,1003.2,1002.85,0.7000000000000455,"hft_dominated",1768680346.0779703
1182,1002.5,1003.6,1003.05,1.1000000000000227,"hft_dominated",1768680346.081238
1183,1002.9,1003.2,1003.05,0.3000000000000682,"hft_dominated",1768680346.0843098
1184,1002.9,1003.2,1003.05,0.3000000000000682,"hft_dominated",1768680346.0885801
1185,1002.6,1003.5,1003.05,0.8999999999999773,"hft_dominated",1768680346.0951643
1186,1003,1003.1,1003.05,0.10000000000002274,"hft_dominated",1768680346.1021628
1187,1002.8,1003.1,1002.95,0.3000000000000682,"hft_dominated",1768680346.1051807
1188,1002.9,1003.1,1003,0.20000000000004547,"hft_dominated",1768680346.1092162
1189,1002.9,1003.2,1003.05,0.3000000000000682,"hft_dominated",1768680346.1124828
1190,1002.9,1003.5,1003.2,0.6000000000000227,"hft_dominated",1768680346.1196027
1191,1002.6,1003.2,1002.9000000000001,0.6000000000000227,"hft_dominated",1768680346.1238933
1192,1002.9,1003.2,1003.05,0.3000000000000682,"hft_dominated",1768680346.1292892
1193,1002.9,1003.2,1003.05,0.3000000000000682,"hft_dominated",1768680346.1322143
1194,1002.9,1003.5,1003.2,0.6000000000000227,"hft_dominated",1768680346.1365712
1195,1003.1,1003.3,1003.2,0.1999999999999318,"hft_dominated",1768680346.139773
1196,1003.1,1003.2,1003.1500000000001,0.10000000000002274,"hft_dominated",1768680346.1433961
1197,1003,1003.2,1003.1,0.20000000000004547,"hft_dominated",1768680346.1471803
1198,1003.1,1003.2,1003.1500000000001,0.10000000000002274,"hft_dominated",1768680346.1526523
1199,1003,1003.2,1003.1,0.20000000000004547,"hft_dominated",1768680346.159773
1200,1003,1003.2,1003.1,0.20000000000004547,"hft_dominated",1768680346.1663933
1201,1003,1003.2,1003.1,0.20000000000004547,"hft_dominated",1768680346.1748126
1202,1002.9,1003.3,1003.0999999999999,0.39999999999997726,"hft_dominated",1768680346.1789503
1203,1003,1003.2,1003.1,0.20000000000004547,"hft_dominated",1768680346.1833014
1204,1003,1003.2,1003.1,0.20000000000004547,"hft_dominated",1768680346.1880202
1205,1003.1,1003.2,1003.1500000000001,0.10000000000002274,"hft_dominated",1768680346.1939292
1206,1003.1,1003.4,1003.25,0.2999999999999545,"hft_dominated",1768680346.1999362
1207,1003.2,1003.4,1003.3,0.1999999999999318,"hft_dominated",1768680346.206174
1208,1003.3,1003.5,1003.4,0.20000000000004547,"hft_dominated",1768680346.2099667
1209,1003.3,1003.5,1003.4,0.20000000000004547,"hft_dominated",1768680346.2123818
1210,1003.3,1003.5,1003.4,0.20000000000004547,"hft_dominated",1768680346.2157836
1211,1003.3,1003.4,1003.3499999999999,0.10000000000002274,"hft_dominated",1768680346.2193825
1212,1003.3,1003.4,1003.3499999999999,0.10000000000002274,"hft_dominated",1768680346.222115
1213,1003.3,1003.4,1003.3499999999999,0.10000000000002274,"hft_dominated",1768680346.2262642
1214,1003.3,1003.4,1003.3499999999999,0.10000000000002274,"hft_dominated",1768680346.229252
1215,1003.3,1003.4,1003.3499999999999,0.10000000000002274,"hft_dominated",1768680346.2362971
1216,1003.1,1003.6,1003.35,0.5,"hft_dominated",1768680346.239845
1217,1003.3,1003.5,1003.4,0.20000000000004547,"hft_dominated",1768680346.243771
1218,1003.3,1003.6,1003.45,0.3000000000000682,"hft_dominated",1768680346.2480779
1219,1003.4,1003.6,1003.5,0.20000000000004547,"hft_dominated",1768680346.2516425
1220,1003.2,1003.5,1003.35,0.2999999999999545,"hft_dominated",1768680346.2562456
1221,1003.3,1003.5,1003.4,0.20000000000004547,"hft_dominated",1768680346.2616618
1222,1003.2,1003.5,1003.35,0.2999999999999545,"hft_dominated",1768680346.2703462
1223,1003.3,1003.5,1003.4,0.20000000000004547,"hft_dominated",1768680346.2766566
1224,1003,1003.5,1003.25,0.5,"hft_dominated",1768680346.2825484
1225,1003.1,1003.4,1003.25,0.2999999999999545,"hft_dominated",1768680346.2869782
1226,1003,1003.5,1003.25,0.5,"hft_dominated",1768680346.292334
1227,1003.1,1003.4,1003.25,0.2999999999999545,"hft_dominated",1768680346.2966764
1228,1003.2,1003.4,1003.3,0.1999999999999318,"hft_dominated",1768680346.2996008
1229,1003,1003.5,1003.25,0.5,"hft_dominated",1768680346.3031883
1230,1002.6,1003.5,1003.05,0.8999999999999773,"hft_dominated",1768680346.3063684
1231,1002.9,1003.2,1003.05,0.3000000000000682,"hft_dominated",1768680346.3090587
1232,1003,1003.2,1003.1,0.20000000000004547,"hft_dominated",1768680346.3125033
1233,1003,1003.2,1003.1,0.20000000000004547,"hft_dominated",1768680346.3191774
1234,1003,1003.2,1003.1,0.20000000000004547,"hft_dominated",1768680346.3228571
1235,1003,1003.5,1003.25,0.5,"hft_dominated",1768680346.3258476
1236,1003.2,1003.4,1003.3,0.1999999999999318,"hft_dominated",1768680346.3309646
1237,1003.2,1003.4,1003.3,0.1999999999999318,"hft_dominated",1768680346.3353374
1238,1003.2,1003.4,1003.3,0.1999999999999318,"hft_dominated",1768680346.3390636
1239,1003,1003.7,1003.35,0.7000000000000455,"hft_dominated",1768680346.3424594
1240,1003.2,1003.4,1003.3,0.1999999999999318,"hft_dominated",1768680346.345887
1241,1003,1003.4,1003.2,0.39999999999997726,"hft_dominated",1768680346.3505583
1242,1003.1,1003.2,1003.1500000000001,0.10000000000002274,"hft_dominated",1768680346.3592107
1243,1003.1,1003.2,1003.1500000000001,0.10000000000002274,"hft_dominated",1768680346.3623931
1244,1003.1,1003.2,1003.1500000000001,0.10000000000002274,"hft_dominated",1768680346.3671353
1245,1003.1,1003.2,1003.1500000000001,0.10000000000002274,"hft_dominated",1768680346.3704064
1246,1003.1,1003.2,1003.1500000000001,0.10000000000002274,"hft_dominated",1768680346.382052
1247,1003.1,1003.2,1003.1500000000001,0.10000000000002274,"hft_dominated",1768680346.3868136
1248,1003.1,1003.2,1003.1500000000001,0.10000000000002274,"hft_dominated",1768680346.3913949
1249,1003.1,1003.2,1003.1500000000001,0.10000000000002274,"hft_dominated",1768680346.394294
