"step","bid","ask","mid","spread","scenario","timestamp"
0,0,0,0,0,"mini_flash_crash",1768680499.1049037
1,999.9,1000.1,1000,0.20000000000004547,"mini_flash_crash",1768680499.1082673
2,999.9,1000.1,1000,0.20000000000004547,"mini_flash_crash",1768680499.1118011
3,1000,1001.2,1000.6,1.2000000000000455,"mini_flash_crash",1768680499.1150858
4,1000,1002.2,1001.1,2.2000000000000455,"mini_flash_crash",1768680499.1177614
5,1000.1,1002.1,1001.1,2,"mini_flash_crash",1768680499.1208386
6,1000.6,1001.6,1001.1,1,"mini_flash_crash",1768680499.1240466
7,1000.6,1001.6,1001.1,1,"mini_flash_crash",1768680499.127068
8,1001,1001.2,1001.1,0.20000000000004547,"mini_flash_crash",1768680499.1304226
9,1000.2,1002,1001.1,1.7999999999999545,"mini_flash_crash",1768680499.1336193
10,1001,1001.2,1001.1,0.20000000000004547,"mini_flash_crash",1768680499.1361234
11,1001.1,1001.8,1001.45,0.6999999999999318,"mini_flash_crash",1768680499.1394658
12,1001.1,1002.4,1001.75,1.2999999999999545,"mini_flash_crash",1768680499.142351
13,1001.1,1002.6,1001.85,1.5,"mini_flash_crash",1768680499.1458037
14,1001.8,1002,1001.9,0.20000000000004547,"mini_flash_crash",1768680499.150613
15,1001.9,1002,1001.95,0.10000000000002274,"mini_flash_crash",1768680499.1539254
16,1001.8,1002,1001.9,0.20000000000004547,"mini_flash_crash",1768680499.157288
17,1001.9,1002.2,1002.05,0.3000000000000682,"mini_flash_crash",1768680499.160327
18,1001.5,1002.6,1002.05,1.1000000000000227,"mini_flash_crash",1768680499.1635673
19,1001.8,1002.3,1002.05,0.5,"mini_flash_crash",1768680499.1667595
20,1001.8,1002.1,1001.95,0.3000000000000682,"mini_flash_crash",1768680499.1703146
21,1001.3,1002,1001.65,0.7000000000000455,"mini_flash_crash",1768680499.1732912
22,1000.5,1002.1,1001.3,1.6000000000000227,"mini_flash_crash",1768680499.1766646
23,1001.1,1001.5,1001.3,0.39999999999997726,"mini_flash_crash",1768680499.1797988
24,1001.2,1001.4,1001.3,0.1999999999999318,"mini_flash_crash",1768680499.1845481
25,1000.1,1002.1,1001.1,2,"mini_flash_crash",1768680499.1890228
26,1000.7,1001.5,1001.1,0.7999999999999545,"mini_flash_crash",1768680499.192107
27,1000.7,1001.5,1001.1,0.7999999999999545,"mini_flash_crash",1768680499.202726
28,999.6,1002.1,1000.85,2.5,"mini_flash_crash",1768680499.20625
29,1000.5,1001.2,1000.85,0.7000000000000455,"mini_flash_crash",1768680499.2090516
30,1000.7,1001,1000.85,0.2999999999999545,"mini_flash_crash",1768680499.2127776
31,1000.7,1001,1000.85,0.2999999999999545,"mini_flash_crash",1768680499.215653
32,1000.8,1001,1000.9,0.20000000000004547,"mini_flash_crash",1768680499.218792
33,1000.8,1001.2,1001,0.40000000000009095,"mini_flash_crash",1768680499.224124
34,1000.8,1001,1000.9,0.20000000000004547,"mini_flash_crash",1768680499.2364724
35,1000.8,1001.2,1001,0.40000000000009095,"mini_flash_crash",1768680499.2395928
36,1001,1001.1,1001.05,0.10000000000002274,"mini_flash_crash",1768680499.2428281
37,1001,1001.9,1001.45,0.8999999999999773,"mini_flash_crash",1768680499.2478638
38,1001.1,1001.8,1001.45,0.6999999999999318,"mini_flash_crash",1768680499.2513378
39,1001,1001.9,1001.45,0.8999999999999773,"mini_flash_crash",1768680499.2550585
40,1001,1001.5,1001.25,0.5,"mini_flash_crash",1768680499.2589238
41,1001.2,1001.5,1001.35,0.2999999999999545,"mini_flash_crash",1768680499.262149
42,1001.2,1001.4,1001.3,0.1999999999999318,"mini_flash_crash",1768680499.2675421
43,1001.2,1001.4,1001.3,0.1999999999999318,"mini_flash_crash",1768680499.2713625
44,1001.2,1001.4,1001.3,0.1999999999999318,"mini_flash_crash",1768680499.2746983
45,1001.2,1001.4,1001.3,0.1999999999999318,"mini_flash_crash",1768680499.2780306
46,1001.3,1001.5,1001.4,0.20000000000004547,"mini_flash_crash",1768680499.2814505
47,1001.3,1001.5,1001.4,0.20000000000004547,"mini_flash_crash",1768680499.284403
48,1001.3,1001.5,1001.4,0.20000000000004547,"mini_flash_crash",1768680499.2875721
49,1001.3,1001.5,1001.4,0.20000000000004547,"mini_flash_crash",1768680499.2906637
50,1001.2,1001.5,1001.35,0.2999999999999545,"mini_flash_crash",1768680499.294006
51,1001.1,1001.4,1001.25,0.2999999999999545,"mini_flash_crash",1768680499.297419
52,1001.2,1001.4,1001.3,0.1999999999999318,"mini_flash_crash",1768680499.3016913
53,1001.2,1001.4,1001.3,0.1999999999999318,"mini_flash_crash",1768680499.304818
54,1001.2,1001.4,1001.3,0.1999999999999318,"mini_flash_crash",1768680499.3079503
55,1001.1,1001.5,1001.3,0.39999999999997726,"mini_flash_crash",1768680499.3112648
56,1001.3,1001.7,1001.5,0.40000000000009095,"mini_flash_crash",1768680499.3147314
57,1001.3,1001.7,1001.5,0.40000000000009095,"mini_flash_crash",1768680499.3173523
58,1001.4,1001.6,1001.5,0.20000000000004547,"mini_flash_crash",1768680499.3212383
59,1001.4,1001.6,1001.5,0.20000000000004547,"mini_flash_crash",1768680499.3254046
60,1001.3,1001.7,1001.5,0.40000000000009095,"mini_flash_crash",1768680499.3292568
61,1001.3,1001.9,1001.5999999999999,0.6000000000000227,"mini_flash_crash",1768680499.3330116
62,1001.5,1001.7,1001.6,0.20000000000004547,"mini_flash_crash",1768680499.3372386
63,1001.5,1001.7,1001.6,0.20000000000004547,"mini_flash_crash",1768680499.340807
64,1001.6,1002.3,1001.95,0.6999999999999318,"mini_flash_crash",1768680499.3451972
65,1001.6,1002.3,1001.95,0.6999999999999318,"mini_flash_crash",1768680499.3494093
66,1001.6,1002.3,1001.95,0.6999999999999318,"mini_flash_crash",1768680499.3531218
67,1001.9,1002.1,1002,0.20000000000004547,"mini_flash_crash",1768680499.3564942
68,1001.6,1002.3,1001.95,0.6999999999999318,"mini_flash_crash",1768680499.3594773
69,1001.7,1002.2,1001.95,0.5,"mini_flash_crash",1768680499.3628323
70,1001.4,1002.5,1001.95,1.1000000000000227,"mini_flash_crash",1768680499.3662615
71,1001.6,1002.3,1001.95,0.6999999999999318,"mini_flash_crash",1768680499.3696074
72,1001.6,1002.3,1001.95,0.6999999999999318,"mini_flash_crash",1768680499.3732588
73,1001.9,1002,1001.95,0.10000000000002274,"mini_flash_crash",1768680499.377814
74,1001.9,1002.1,1002,0.20000000000004547,"mini_flash_crash",1768680499.3820734
75,1001.9,1002.1,1002,0.20000000000004547,"mini_flash_crash",1768680499.3869684
76,1002,1002.3,1002.15,0.2999999999999545,"mini_flash_crash",1768680499.3898776
77,1002.1,1002.7,1002.4000000000001,0.6000000000000227,"mini_flash_crash",1768680499.3938658
78,1002,1002.9,1002.45,0.8999999999999773,"mini_flash_crash",1768680499.397378
79,1002.2,1002.7,1002.45,0.5,"mini_flash_crash",1768680499.4007683
80,1002.4,1002.5,1002.45,0.10000000000002274,"mini_flash_crash",1768680499.4053273
81,1002.1,1002.8,1002.45,0.6999999999999318,"mini_flash_crash",1768680499.4127376
82,1002.2,1002.7,1002.45,0.5,"mini_flash_crash",1768680499.4163375
83,1002,1003.3,1002.65,1.2999999999999545,"mini_flash_crash",1768680499.419986
84,1002.6,1003,1002.8,0.39999999999997726,"mini_flash_crash",1768680499.4234211
85,1002.6,1005,1003.8,2.3999999999999773,"mini_flash_crash",1768680499.4264364
86,1003.8,1003.9,1003.8499999999999,0.10000000000002274,"mini_flash_crash",1768680499.4293346
87,1003.8,1004.4,1004.0999999999999,0.6000000000000227,"mini_flash_crash",1768680499.432316
88,1003.8,1004.7,1004.25,0.900000000000091,"mini_flash_crash",1768680499.435489
89,1003.8,1004.9,1004.3499999999999,1.1000000000000227,"mini_flash_crash",1768680499.4390736
90,1003.8,1004.9,1004.3499999999999,1.1000000000000227,"mini_flash_crash",1768680499.442924
91,1004,1004.7,1004.35,0.7000000000000455,"mini_flash_crash",1768680499.4469385
92,1004,1004.7,1004.35,0.7000000000000455,"mini_flash_crash",1768680499.4507182
93,1004.3,1004.5,1004.4,0.20000000000004547,"mini_flash_crash",1768680499.4548576
94,1004.3,1005,1004.65,0.7000000000000455,"mini_flash_crash",1768680499.458839
95,1004.3,1005.6,1004.95,1.3000000000000682,"mini_flash_crash",1768680499.4622247
96,1004.9,1005.7,1005.3,0.8000000000000682,"mini_flash_crash",1768680499.4669533
97,1005.3,1005.7,1005.5,0.40000000000009095,"mini_flash_crash",1768680499.4724576
98,1005.1,1005.7,1005.4000000000001,0.6000000000000227,"mini_flash_crash",1768680499.476365
99,1004.3,1005.4,1004.8499999999999,1.1000000000000227,"mini_flash_crash",1768680499.4792435
100,1004.3,1004.9,1004.5999999999999,0.6000000000000227,"mini_flash_crash",1768680499.482498
101,1004.3,1005.4,1004.8499999999999,1.1000000000000227,"mini_flash_crash",1768680499.4862978
102,1004.1,1005.4,1004.75,1.2999999999999545,"mini_flash_crash",1768680499.4895487
103,1004.1,1005.4,1004.75,1.2999999999999545,"mini_flash_crash",1768680499.4927816
104,1004,1005.5,1004.75,1.5,"mini_flash_crash",1768680499.4961393
105,1004.6,1004.8,1004.7,0.1999999999999318,"mini_flash_crash",1768680499.4993045
106,1003.7,1004.8,1004.25,1.099999999999909,"mini_flash_crash",1768680499.5027933
107,1003.7,1004.3,1004,0.599999999999909,"mini_flash_crash",1768680499.5060742
108,1003.1,1004.9,1004,1.7999999999999545,"mini_flash_crash",1768680499.5107772
109,1002.8,1005.2,1004,2.400000000000091,"mini_flash_crash",1768680499.5139694
110,1003.9,1004.1,1004,0.20000000000004547,"mini_flash_crash",1768680499.518323
111,1003.5,1004.5,1004,1,"mini_flash_crash",1768680499.521328
112,1003.7,1004.3,1004,0.599999999999909,"mini_flash_crash",1768680499.5241232
113,1003.7,1004.3,1004,0.599999999999909,"mini_flash_crash",1768680499.5292377
114,1003.7,1004.3,1004,0.599999999999909,"mini_flash_crash",1768680499.5327346
115,1003.8,1004.2,1004,0.40000000000009095,"mini_flash_crash",1768680499.5369985
116,1003.9,1004.1,1004,0.20000000000004547,"mini_flash_crash",1768680499.5402563
117,1003.9,1004.1,1004,0.20000000000004547,"mini_flash_crash",1768680499.5437498
118,1003.6,1004.4,1004,0.7999999999999545,"mini_flash_crash",1768680499.5472083
119,1002.9,1005.1,1004,2.2000000000000455,"mini_flash_crash",1768680499.5504422
120,1003.2,1004,1003.6,0.7999999999999545,"mini_flash_crash",1768680499.553323
121,1003.5,1003.7,1003.6,0.20000000000004547,"mini_flash_crash",1768680499.5562215
122,1003.3,1003.9,1003.5999999999999,0.6000000000000227,"mini_flash_crash",1768680499.5591974
123,1003,1004,1003.5,1,"mini_flash_crash",1768680499.5622761
124,1003,1004,1003.5,1,"mini_flash_crash",1768680499.565533
125,1003,1004,1003.5,1,"mini_flash_crash",1768680499.5687833
126,1002.6,1003.5,1003.05,0.8999999999999773,"mini_flash_crash",1768680499.5724368
127,1002.1,1003.5,1002.8,1.3999999999999773,"mini_flash_crash",1768680499.5757113
128,1002.1,1002.8,1002.45,0.6999999999999318,"mini_flash_crash",1768680499.5788345
129,1001.9,1002.8,1002.3499999999999,0.8999999999999773,"mini_flash_crash",1768680499.5820746
130,1002.2,1002.5,1002.35,0.2999999999999545,"mini_flash_crash",1768680499.5852985
131,1001.8,1002.8,1002.3,1,"mini_flash_crash",1768680499.5884511
132,1001.8,1002.8,1002.3,1,"mini_flash_crash",1768680499.5921035
133,1002.2,1002.4,1002.3,0.1999999999999318,"mini_flash_crash",1768680499.5950527
134,1002.2,1002.4,1002.3,0.1999999999999318,"mini_flash_crash",1768680499.598416
135,1002,1002.6,1002.3,0.6000000000000227,"mini_flash_crash",1768680499.6034522
136,1002.1,1002.5,1002.3,0.39999999999997726,"mini_flash_crash",1768680499.607396
137,1002.1,1002.5,1002.3,0.39999999999997726,"mini_flash_crash",1768680499.6104968
138,1002.3,1002.5,1002.4,0.20000000000004547,"mini_flash_crash",1768680499.6143396
139,1002.3,1002.6,1002.45,0.3000000000000682,"mini_flash_crash",1768680499.6173422
140,1002.3,1002.6,1002.45,0.3000000000000682,"mini_flash_crash",1768680499.6201143
141,1002.4,1003.5,1002.95,1.1000000000000227,"mini_flash_crash",1768680499.6235282
142,1002.4,1003.5,1002.95,1.1000000000000227,"mini_flash_crash",1768680499.6265273
143,1002.3,1003.6,1002.95,1.3000000000000682,"mini_flash_crash",1768680499.6298258
144,1002.3,1003.6,1002.95,1.3000000000000682,"mini_flash_crash",1768680499.6324518
145,1002.4,1003.5,1002.95,1.1000000000000227,"mini_flash_crash",1768680499.636089
146,1002.4,1003.5,1002.95,1.1000000000000227,"mini_flash_crash",1768680499.6392822
147,1002.4,1003.5,1002.95,1.1000000000000227,"mini_flash_crash",1768680499.6428528
148,1002.8,1003.1,1002.95,0.3000000000000682,"mini_flash_crash",1768680499.646245
149,1002.9,1003.1,1003,0.20000000000004547,"mini_flash_crash",1768680499.6501217
150,1002.9,1003.3,1003.0999999999999,0.39999999999997726,"mini_flash_crash",1768680499.6536746
151,1003,1003.2,1003.1,0.20000000000004547,"mini_flash_crash",1768680499.6570613
152,1003.1,1003.4,1003.25,0.2999999999999545,"mini_flash_crash",1768680499.6597471
153,1003.1,1003.7,1003.4000000000001,0.6000000000000227,"mini_flash_crash",1768680499.6630335
154,1003.1,1003.7,1003.4000000000001,0.6000000000000227,"mini_flash_crash",1768680499.6662486
155,1003.3,1003.5,1003.4,0.20000000000004547,"mini_flash_crash",1768680499.6703877
156,1003.3,1003.5,1003.4,0.20000000000004547,"mini_flash_crash",1768680499.6739805
157,1003.1,1004.7,1003.9000000000001,1.6000000000000227,"mini_flash_crash",1768680499.6790726
158,1003.3,1004.5,1003.9,1.2000000000000455,"mini_flash_crash",1768680499.6818202
159,1003.3,1004.5,1003.9,1.2000000000000455,"mini_flash_crash",1768680499.6850386
160,1003.3,1004.5,1003.9,1.2000000000000455,"mini_flash_crash",1768680499.68833
161,1003.7,1004.1,1003.9000000000001,0.39999999999997726,"mini_flash_crash",1768680499.6920166
162,1003.7,1004.1,1003.9000000000001,0.39999999999997726,"mini_flash_crash",1768680499.6958745
163,1003.6,1004.2,1003.9000000000001,0.6000000000000227,"mini_flash_crash",1768680499.6993685
164,1003.6,1004.2,1003.9000000000001,0.6000000000000227,"mini_flash_crash",1768680499.7023697
165,1003.5,1004.3,1003.9,0.7999999999999545,"mini_flash_crash",1768680499.705496
166,1003.1,1004.7,1003.9000000000001,1.6000000000000227,"mini_flash_crash",1768680499.709441
167,1003.6,1003.9,1003.75,0.2999999999999545,"mini_flash_crash",1768680499.7131345
168,1003.2,1004.3,1003.75,1.099999999999909,"mini_flash_crash",1768680499.7164044
169,1003.6,1003.8,1003.7,0.1999999999999318,"mini_flash_crash",1768680499.7203236
170,1003.7,1003.8,1003.75,0.09999999999990905,"mini_flash_crash",1768680499.7253425
171,1003.7,1003.8,1003.75,0.09999999999990905,"mini_flash_crash",1768680499.728528
172,1003.7,1003.8,1003.75,0.09999999999990905,"mini_flash_crash",1768680499.7355428
173,1003.6,1003.8,1003.7,0.1999999999999318,"mini_flash_crash",1768680499.7396436
174,1002.5,1005,1003.75,2.5,"mini_flash_crash",1768680499.7436168
175,1003.7,1003.9,1003.8,0.1999999999999318,"mini_flash_crash",1768680499.7474523
176,1003.7,1003.8,1003.75,0.09999999999990905,"mini_flash_crash",1768680499.7518928
177,1003.7,1003.8,1003.75,0.09999999999990905,"mini_flash_crash",1768680499.7594554
178,1003.7,1003.8,1003.75,0.09999999999990905,"mini_flash_crash",1768680499.7632601
179,1003.7,1003.8,1003.75,0.09999999999990905,"mini_flash_crash",1768680499.767447
180,1003.7,1003.8,1003.75,0.09999999999990905,"mini_flash_crash",1768680499.7705843
181,1003.7,1003.8,1003.75,0.09999999999990905,"mini_flash_crash",1768680499.7737403
182,1003.7,1003.8,1003.75,0.09999999999990905,"mini_flash_crash",1768680499.7782972
183,1003.7,1003.8,1003.75,0.09999999999990905,"mini_flash_crash",1768680499.781604
184,1003.7,1003.8,1003.75,0.09999999999990905,"mini_flash_crash",1768680499.785016
185,1003.7,1003.8,1003.75,0.09999999999990905,"mini_flash_crash",1768680499.788223
186,1003.5,1003.8,1003.65,0.2999999999999545,"mini_flash_crash",1768680499.7912984
187,1003.5,1003.8,1003.65,0.2999999999999545,"mini_flash_crash",1768680499.7988908
188,1003.4,1003.8,1003.5999999999999,0.39999999999997726,"mini_flash_crash",1768680499.8034024
189,1003.1,1003.8,1003.45,0.6999999999999318,"mini_flash_crash",1768680499.8065002
190,1003.4,1004.2,1003.8,0.8000000000000682,"mini_flash_crash",1768680499.8110344
191,1003.4,1004.4,1003.9,1,"mini_flash_crash",1768680499.8143363
192,1003.4,1004.7,1004.05,1.3000000000000682,"mini_flash_crash",1768680499.8172772
193,1003.5,1004.1,1003.8,0.6000000000000227,"mini_flash_crash",1768680499.8203876
194,1003.5,1004.1,1003.8,0.6000000000000227,"mini_flash_crash",1768680499.8508048
195,1003.5,1004.1,1003.8,0.6000000000000227,"mini_flash_crash",1768680499.8554013
196,1003.8,1004.1,1003.95,0.3000000000000682,"mini_flash_crash",1768680499.8584864
197,1003.8,1004.5,1004.15,0.7000000000000455,"mini_flash_crash",1768680499.8614705
198,1004.1,1004.2,1004.1500000000001,0.10000000000002274,"mini_flash_crash",1768680499.8651392
199,1003.8,1004.2,1004,0.40000000000009095,"mini_flash_crash",1768680499.8697274
200,1003.9,1004.1,1004,0.20000000000004547,"mini_flash_crash",1768680499.8741777
201,1003.8,1004.2,1004,0.40000000000009095,"mini_flash_crash",1768680499.8777914
202,1003.8,1004.2,1004,0.40000000000009095,"mini_flash_crash",1768680499.8814654
203,1003.8,1004.3,1004.05,0.5,"mini_flash_crash",1768680499.8852873
204,1004,1004.2,1004.1,0.20000000000004547,"mini_flash_crash",1768680499.8886669
205,1004,1004.2,1004.1,0.20000000000004547,"mini_flash_crash",1768680499.891855
206,1004,1004.2,1004.1,0.20000000000004547,"mini_flash_crash",1768680499.8951988
207,1003.8,1004.4,1004.0999999999999,0.6000000000000227,"mini_flash_crash",1768680499.898923
208,1003.9,1004.3,1004.0999999999999,0.39999999999997726,"mini_flash_crash",1768680499.9026678
209,1003.9,1004.3,1004.0999999999999,0.39999999999997726,"mini_flash_crash",1768680499.9059947
210,1003.8,1004.4,1004.0999999999999,0.6000000000000227,"mini_flash_crash",1768680499.9093328
211,1004,1004.2,1004.1,0.20000000000004547,"mini_flash_crash",1768680499.9133117
212,1004,1004.1,1004.05,0.10000000000002274,"mini_flash_crash",1768680499.917276
213,1004,1004.1,1004.05,0.10000000000002274,"mini_flash_crash",1768680499.9205115
214,1004,1004.1,1004.05,0.10000000000002274,"mini_flash_crash",1768680499.9240925
215,1003.8,1004.1,1003.95,0.3000000000000682,"mini_flash_crash",1768680499.9273703
216,1003.4,1004.1,1003.75,0.7000000000000455,"mini_flash_crash",1768680499.931998
217,1003.4,1003.8,1003.5999999999999,0.39999999999997726,"mini_flash_crash",1768680499.935471
218,1003.6,1003.7,1003.6500000000001,0.10000000000002274,"mini_flash_crash",1768680499.9393163
219,1003.6,1003.8,1003.7,0.1999999999999318,"mini_flash_crash",1768680499.9425523
220,1003.6,1003.8,1003.7,0.1999999999999318,"mini_flash_crash",1768680499.945552
221,1003.6,1003.8,1003.7,0.1999999999999318,"mini_flash_crash",1768680499.9489677
222,1003.6,1003.8,1003.7,0.1999999999999318,"mini_flash_crash",1768680499.9528494
223,1003.6,1003.8,1003.7,0.1999999999999318,"mini_flash_crash",1768680499.9563727
224,1003.6,1003.8,1003.7,0.1999999999999318,"mini_flash_crash",1768680499.9594593
225,1003.6,1003.8,1003.7,0.1999999999999318,"mini_flash_crash",1768680499.962784
226,1003.6,1003.7,1003.6500000000001,0.10000000000002274,"mini_flash_crash",1768680499.966366
227,1001.2,1003.7,1002.45,2.5,"mini_flash_crash",1768680499.9707675
228,1001.9,1003,1002.45,1.1000000000000227,"mini_flash_crash",1768680499.9745133
229,1002.4,1002.6,1002.5,0.20000000000004547,"mini_flash_crash",1768680499.9787743
230,1002,1003,1002.5,1,"mini_flash_crash",1768680499.9818907
231,1001.4,1003.5,1002.45,2.1000000000000227,"mini_flash_crash",1768680499.985405
232,1002.4,1003.6,1003,1.2000000000000455,"mini_flash_crash",1768680499.9882228
233,1002.6,1003.4,1003,0.7999999999999545,"mini_flash_crash",1768680499.9913268
234,1002.9,1003.1,1003,0.20000000000004547,"mini_flash_crash",1768680499.994316
235,1002.9,1003.1,1003,0.20000000000004547,"mini_flash_crash",1768680499.9974298
236,1003,1003.1,1003.05,0.10000000000002274,"mini_flash_crash",1768680500.001761
237,1003,1003.1,1003.05,0.10000000000002274,"mini_flash_crash",1768680500.0065515
238,1003,1003.3,1003.15,0.2999999999999545,"mini_flash_crash",1768680500.0123944
239,1003,1003.9,1003.45,0.8999999999999773,"mini_flash_crash",1768680500.0159936
240,1003.3,1003.6,1003.45,0.3000000000000682,"mini_flash_crash",1768680500.0191948
241,1003.2,1003.7,1003.45,0.5,"mini_flash_crash",1768680500.023092
242,1003.2,1003.7,1003.45,0.5,"mini_flash_crash",1768680500.0260842
243,1003.2,1003.7,1003.45,0.5,"mini_flash_crash",1768680500.0308115
244,1003,1003.5,1003.25,0.5,"mini_flash_crash",1768680500.0341163
245,1003,1003.5,1003.25,0.5,"mini_flash_crash",1768680500.0375261
246,1003,1003.3,1003.15,0.2999999999999545,"mini_flash_crash",1768680500.040602
247,1003,1003.3,1003.15,0.2999999999999545,"mini_flash_crash",1768680500.0439699
248,1003,1003.3,1003.15,0.2999999999999545,"mini_flash_crash",1768680500.0473518
249,1003,1003.3,1003.15,0.2999999999999545,"mini_flash_crash",1768680500.0507252
250,1003,1003.3,1003.15,0.2999999999999545,"mini_flash_crash",1768680500.062616
251,1003,1003.3,1003.15,0.2999999999999545,"mini_flash_crash",1768680500.068019
252,1003,1003.3,1003.15,0.2999999999999545,"mini_flash_crash",1768680500.071382
253,1003,1003.2,1003.1,0.20000000000004547,"mini_flash_crash",1768680500.0740843
254,1003,1003.1,1003.05,0.10000000000002274,"mini_flash_crash",1768680500.0773792
255,1003,1003.4,1003.2,0.39999999999997726,"mini_flash_crash",1768680500.0817637
256,1003,1003.5,1003.25,0.5,"mini_flash_crash",1768680500.087258
257,1003.2,1003.4,1003.3,0.1999999999999318,"mini_flash_crash",1768680500.0903983
258,1003.2,1003.4,1003.3,0.1999999999999318,"mini_flash_crash",1768680500.093848
259,1003.3,1003.8,1003.55,0.5,"mini_flash_crash",1768680500.0970757
260,1002.8,1003.8,1003.3,1,"mini_flash_crash",1768680500.1007576
261,1002.8,1003.8,1003.3,1,"mini_flash_crash",1768680500.1040995
262,1003.1,1003.5,1003.3,0.39999999999997726,"mini_flash_crash",1768680500.1078935
263,1003.3,1003.4,1003.3499999999999,0.10000000000002274,"mini_flash_crash",1768680500.1114008
264,1002.3,1004.3,1003.3,2,"mini_flash_crash",1768680500.1145852
265,1002.6,1003.3,1002.95,0.6999999999999318,"mini_flash_crash",1768680500.117298
266,1002.6,1003.9,1003.25,1.2999999999999545,"mini_flash_crash",1768680500.1212478
267,1002,1003.9,1002.95,1.8999999999999773,"mini_flash_crash",1768680500.1239636
268,1002.9,1003,1002.95,0.10000000000002274,"mini_flash_crash",1768680500.127312
269,1002.9,1003,1002.95,0.10000000000002274,"mini_flash_crash",1768680500.1304245
270,1002.9,1003,1002.95,0.10000000000002274,"mini_flash_crash",1768680500.134751
271,1002.9,1003,1002.95,0.10000000000002274,"mini_flash_crash",1768680500.1383603
272,1002.9,1003,1002.95,0.10000000000002274,"mini_flash_crash",1768680500.1429458
273,1002.9,1003,1002.95,0.10000000000002274,"mini_flash_crash",1768680500.1477668
274,1002.9,1003,1002.95,0.10000000000002274,"mini_flash_crash",1768680500.1512082
275,1002.9,1003,1002.95,0.10000000000002274,"mini_flash_crash",1768680500.1554387
276,1002.9,1003,1002.95,0.10000000000002274,"mini_flash_crash",1768680500.1585038
277,1002.9,1003,1002.95,0.10000000000002274,"mini_flash_crash",1768680500.1634648
278,1002.9,1003,1002.95,0.10000000000002274,"mini_flash_crash",1768680500.1664188
279,1002.7,1003,1002.85,0.2999999999999545,"mini_flash_crash",1768680500.1697204
280,1002.1,1002.9,1002.5,0.7999999999999545,"mini_flash_crash",1768680500.1730244
281,1002.4,1002.6,1002.5,0.20000000000004547,"mini_flash_crash",1768680500.1764657
282,1002.2,1002.8,1002.5,0.599999999999909,"mini_flash_crash",1768680500.180159
283,1002.4,1002.6,1002.5,0.20000000000004547,"mini_flash_crash",1768680500.1838
284,1002.4,1002.6,1002.5,0.20000000000004547,"mini_flash_crash",1768680500.1877334
285,1002.5,1002.9,1002.7,0.39999999999997726,"mini_flash_crash",1768680500.1913424
286,1002.5,1002.9,1002.7,0.39999999999997726,"mini_flash_crash",1768680500.1948411
287,1000.9,1002.9,1001.9,2,"mini_flash_crash",1768680500.198361
288,1001.8,1002,1001.9,0.20000000000004547,"mini_flash_crash",1768680500.2027879
289,1001.8,1002,1001.9,0.20000000000004547,"mini_flash_crash",1768680500.206452
290,1001.8,1002,1001.9,0.20000000000004547,"mini_flash_crash",1768680500.210886
291,1001.9,1002,1001.95,0.10000000000002274,"mini_flash_crash",1768680500.215409
292,1001.9,1002,1001.95,0.10000000000002274,"mini_flash_crash",1768680500.2209892
293,1001.6,1002.3,1001.95,0.6999999999999318,"mini_flash_crash",1768680500.2267933
294,1001.9,1002.1,1002,0.20000000000004547,"mini_flash_crash",1768680500.2319608
295,1001.4,1002.6,1002,1.2000000000000455,"mini_flash_crash",1768680500.2360663
296,1001.4,1002.6,1002,1.2000000000000455,"mini_flash_crash",1768680500.2398934
297,1001.4,1002.6,1002,1.2000000000000455,"mini_flash_crash",1768680500.2429497
298,1001.1,1002.9,1002,1.7999999999999545,"mini_flash_crash",1768680500.2462962
299,1001.8,1002,1001.9,0.20000000000004547,"mini_flash_crash",1768680500.2506235
300,1001.8,1001.9,1001.8499999999999,0.10000000000002274,"mini_flash_crash",1768680500.2558625
301,1001.4,1001.9,1001.65,0.5,"mini_flash_crash",1768680500.25934
302,1001.4,1001.9,1001.65,0.5,"mini_flash_crash",1768680500.2625432
303,1001.4,1001.9,1001.65,0.5,"mini_flash_crash",1768680500.2654774
304,1001.6,1001.8,1001.7,0.1999999999999318,"mini_flash_crash",1768680500.26913
305,1001.6,1001.7,1001.6500000000001,0.10000000000002274,"mini_flash_crash",1768680500.276587
306,1001,1001.7,1001.35,0.7000000000000455,"mini_flash_crash",1768680500.2804496
307,1001.2,1001.5,1001.35,0.2999999999999545,"mini_flash_crash",1768680500.2835047
308,1001.3,1001.4,1001.3499999999999,0.10000000000002274,"mini_flash_crash",1768680500.2874324
309,1001.3,1001.4,1001.3499999999999,0.10000000000002274,"mini_flash_crash",1768680500.2908907
310,1001.3,1001.4,1001.3499999999999,0.10000000000002274,"mini_flash_crash",1768680500.29368
311,1001.3,1001.5,1001.4,0.20000000000004547,"mini_flash_crash",1768680500.298031
312,1000.5,1002.2,1001.35,1.7000000000000455,"mini_flash_crash",1768680500.3013437
313,999.7,1003,1001.35,3.2999999999999545,"mini_flash_crash",1768680500.3055637
314,1001.3,1001.5,1001.4,0.20000000000004547,"mini_flash_crash",1768680500.3088243
315,999.8,1003,1001.4,3.2000000000000455,"mini_flash_crash",1768680500.312146
316,1001,1001.4,1001.2,0.39999999999997726,"mini_flash_crash",1768680500.3160076
317,1001,1001.4,1001.2,0.39999999999997726,"mini_flash_crash",1768680500.3191862
318,1000,1001.4,1000.7,1.3999999999999773,"mini_flash_crash",1768680500.3220816
319,1000.7,1001.4,1001.05,0.6999999999999318,"mini_flash_crash",1768680500.325405
320,1000.7,1001.4,1001.05,0.6999999999999318,"mini_flash_crash",1768680500.328741
321,1000.7,1001.4,1001.05,0.6999999999999318,"mini_flash_crash",1768680500.3324995
322,1000.5,1001.1,1000.8,0.6000000000000227,"mini_flash_crash",1768680500.3355417
323,1000.3,1000.8,1000.55,0.5,"mini_flash_crash",1768680500.3390415
324,1000.4,1000.7,1000.55,0.3000000000000682,"mini_flash_crash",1768680500.3428175
325,1000.4,1000.7,1000.55,0.3000000000000682,"mini_flash_crash",1768680500.347555
326,1000.4,1000.7,1000.55,0.3000000000000682,"mini_flash_crash",1768680500.3509238
327,1000.5,1000.7,1000.6,0.20000000000004547,"mini_flash_crash",1768680500.3543818
328,1000.6,1000.7,1000.6500000000001,0.10000000000002274,"mini_flash_crash",1768680500.3580163
329,999.2,1002.1,1000.6500000000001,2.8999999999999773,"mini_flash_crash",1768680500.360696
330,1000.1,1001.2,1000.6500000000001,1.1000000000000227,"mini_flash_crash",1768680500.36416
331,999.1,1002.2,1000.6500000000001,3.1000000000000227,"mini_flash_crash",1768680500.3682015
332,1000.1,1001.2,1000.6500000000001,1.1000000000000227,"mini_flash_crash",1768680500.3713815
333,999.9,1001.4,1000.65,1.5,"mini_flash_crash",1768680500.3745975
334,1000.4,1000.9,1000.65,0.5,"mini_flash_crash",1768680500.3791196
335,1000.4,1000.9,1000.65,0.5,"mini_flash_crash",1768680500.3841515
336,1000.4,1000.9,1000.65,0.5,"mini_flash_crash",1768680500.387621
337,1000.2,1001.1,1000.6500000000001,0.8999999999999773,"mini_flash_crash",1768680500.3929238
338,1000.2,1001.1,1000.6500000000001,0.8999999999999773,"mini_flash_crash",1768680500.3957627
339,999.8,1001.5,1000.65,1.7000000000000455,"mini_flash_crash",1768680500.3999758
340,1000.5,1000.8,1000.65,0.2999999999999545,"mini_flash_crash",1768680500.4033687
341,1000.1,1001.2,1000.6500000000001,1.1000000000000227,"mini_flash_crash",1768680500.407147
342,1000.6,1000.8,1000.7,0.1999999999999318,"mini_flash_crash",1768680500.4115553
343,1000.6,1000.8,1000.7,0.1999999999999318,"mini_flash_crash",1768680500.4156475
344,1000.6,1000.8,1000.7,0.1999999999999318,"mini_flash_crash",1768680500.419161
345,1000.6,1000.8,1000.7,0.1999999999999318,"mini_flash_crash",1768680500.422888
346,1000.1,1001.3,1000.7,1.1999999999999318,"mini_flash_crash",1768680500.426091
347,1000.5,1000.9,1000.7,0.39999999999997726,"mini_flash_crash",1768680500.4293618
348,999.5,1001.9,1000.7,2.3999999999999773,"mini_flash_crash",1768680500.4324644
349,1000.6,1000.8,1000.7,0.1999999999999318,"mini_flash_crash",1768680500.4357288
350,1000.6,1000.8,1000.7,0.1999999999999318,"mini_flash_crash",1768680500.439007
351,1000.6,1000.8,1000.7,0.1999999999999318,"mini_flash_crash",1768680500.4427826
352,999.9,1001.5,1000.7,1.6000000000000227,"mini_flash_crash",1768680500.4459398
353,999.9,1001.5,1000.7,1.6000000000000227,"mini_flash_crash",1768680500.4490707
354,999.9,1001.5,1000.7,1.6000000000000227,"mini_flash_crash",1768680500.4522638
355,1000.5,1000.9,1000.7,0.39999999999997726,"mini_flash_crash",1768680500.4555562
356,1000.5,1000.9,1000.7,0.39999999999997726,"mini_flash_crash",1768680500.4598963
357,1000.6,1000.8,1000.7,0.1999999999999318,"mini_flash_crash",1768680500.4632592
358,1000.6,1000.8,1000.7,0.1999999999999318,"mini_flash_crash",1768680500.4664717
359,1000.7,1001.3,1001,0.599999999999909,"mini_flash_crash",1768680500.4693718
360,1000.9,1001.1,1001,0.20000000000004547,"mini_flash_crash",1768680500.47309
361,1000.8,1001,1000.9,0.20000000000004547,"mini_flash_crash",1768680500.4762876
362,1000.6,1001,1000.8,0.39999999999997726,"mini_flash_crash",1768680500.4793625
363,1000.6,1001,1000.8,0.39999999999997726,"mini_flash_crash",1768680500.4837806
364,1000.8,1000.9,1000.8499999999999,0.10000000000002274,"mini_flash_crash",1768680500.487542
365,1000.8,1001,1000.9,0.20000000000004547,"mini_flash_crash",1768680500.4903913
366,1000.8,1002.2,1001.5,1.400000000000091,"mini_flash_crash",1768680500.493662
367,1000.8,1002.4,1001.5999999999999,1.6000000000000227,"mini_flash_crash",1768680500.4972126
368,1000.8,1001.6,1001.2,0.8000000000000682,"mini_flash_crash",1768680500.5003803
369,999.7,1001.2,1000.45,1.5,"mini_flash_crash",1768680500.5032868
370,999.7,1000.5,1000.1,0.7999999999999545,"mini_flash_crash",1768680500.5065265
371,999.9,1000.3,1000.0999999999999,0.39999999999997726,"mini_flash_crash",1768680500.5096474
372,999.5,1000.5,1000,1,"mini_flash_crash",1768680500.513804
373,1000,1000.5,1000.25,0.5,"mini_flash_crash",1768680500.5174282
374,1000.2,1000.4,1000.3,0.1999999999999318,"mini_flash_crash",1768680500.520548
375,1000.2,1000.4,1000.3,0.1999999999999318,"mini_flash_crash",1768680500.5236561
376,1000.2,1000.3,1000.25,0.09999999999990905,"mini_flash_crash",1768680500.5289652
377,1000.1,1000.3,1000.2,0.1999999999999318,"mini_flash_crash",1768680500.5321786
378,999.9,1000.3,1000.0999999999999,0.39999999999997726,"mini_flash_crash",1768680500.5363615
379,1000.1,1000.2,1000.1500000000001,0.10000000000002274,"mini_flash_crash",1768680500.5398903
380,1000.1,1000.2,1000.1500000000001,0.10000000000002274,"mini_flash_crash",1768680500.5433278
381,1000.1,1000.2,1000.1500000000001,0.10000000000002274,"mini_flash_crash",1768680500.5463555
382,1000.1,1000.2,1000.1500000000001,0.10000000000002274,"mini_flash_crash",1768680500.549963
383,1000.1,1000.3,1000.2,0.1999999999999318,"mini_flash_crash",1768680500.554126
384,1000.2,1001.2,1000.7,1,"mini_flash_crash",1768680500.5579576
385,1000.2,1001.2,1000.7,1,"mini_flash_crash",1768680500.5608737
386,1000.2,1001.2,1000.7,1,"mini_flash_crash",1768680500.5642886
387,1000.4,1001,1000.7,0.6000000000000227,"mini_flash_crash",1768680500.5675147
388,1000.4,1001,1000.7,0.6000000000000227,"mini_flash_crash",1768680500.5716918
389,1000.3,1001.1,1000.7,0.8000000000000682,"mini_flash_crash",1768680500.575263
390,1000.3,1001.1,1000.7,0.8000000000000682,"mini_flash_crash",1768680500.5784216
391,1000.4,1001,1000.7,0.6000000000000227,"mini_flash_crash",1768680500.5816667
392,1000,1001.4,1000.7,1.3999999999999773,"mini_flash_crash",1768680500.5861108
393,1000.4,1001,1000.7,0.6000000000000227,"mini_flash_crash",1768680500.5890017
394,1000.4,1001,1000.7,0.6000000000000227,"mini_flash_crash",1768680500.5923553
395,1000.4,1001,1000.7,0.6000000000000227,"mini_flash_crash",1768680500.5956774
396,1000.4,1001,1000.7,0.6000000000000227,"mini_flash_crash",1768680500.5994422
397,1000.4,1000.7,1000.55,0.3000000000000682,"mini_flash_crash",1768680500.6034496
398,999.5,1000.7,1000.1,1.2000000000000455,"mini_flash_crash",1768680500.6063986
399,999.5,1000.7,1000.1,1.2000000000000455,"mini_flash_crash",1768680500.6114194
400,999.5,1000.7,1000.1,1.2000000000000455,"mini_flash_crash",1768680500.6162038
401,999.5,1001.3,1000.4,1.7999999999999545,"mini_flash_crash",1768680500.619585
402,1000.2,1000.6,1000.4000000000001,0.39999999999997726,"mini_flash_crash",1768680500.6227832
403,999.3,1001.5,1000.4,2.2000000000000455,"mini_flash_crash",1768680500.6261742
404,1000.3,1000.5,1000.4,0.20000000000004547,"mini_flash_crash",1768680500.629442
405,1000.2,1000.4,1000.3,0.1999999999999318,"mini_flash_crash",1768680500.6328337
406,1000.2,1000.6,1000.4000000000001,0.39999999999997726,"mini_flash_crash",1768680500.6360807
407,1000.3,1000.5,1000.4,0.20000000000004547,"mini_flash_crash",1768680500.6392646
408,1000.3,1000.5,1000.4,0.20000000000004547,"mini_flash_crash",1768680500.6432147
409,1000.3,1000.5,1000.4,0.20000000000004547,"mini_flash_crash",1768680500.647022
410,999.8,1001,1000.4,1.2000000000000455,"mini_flash_crash",1768680500.6500313
411,998.6,1002.2,1000.4000000000001,3.6000000000000227,"mini_flash_crash",1768680500.6537392
412,1000.4,1000.7,1000.55,0.3000000000000682,"mini_flash_crash",1768680500.6572726
413,1000.4,1000.9,1000.65,0.5,"mini_flash_crash",1768680500.660454
414,1000.4,1001.3,1000.8499999999999,0.8999999999999773,"mini_flash_crash",1768680500.6635354
415,1000.5,1000.9,1000.7,0.39999999999997726,"mini_flash_crash",1768680500.6668217
416,1000.7,1000.9,1000.8,0.1999999999999318,"mini_flash_crash",1768680500.6709456
417,1000.7,1000.8,1000.75,0.09999999999990905,"mini_flash_crash",1768680500.67431
418,1000.7,1000.8,1000.75,0.09999999999990905,"mini_flash_crash",1768680500.6770704
419,1000.7,1000.8,1000.75,0.09999999999990905,"mini_flash_crash",1768680500.6804075
420,1000.7,1000.8,1000.75,0.09999999999990905,"mini_flash_crash",1768680500.6860106
421,1000.7,1000.8,1000.75,0.09999999999990905,"mini_flash_crash",1768680500.6888995
422,1000.7,1000.8,1000.75,0.09999999999990905,"mini_flash_crash",1768680500.6923432
423,1000.7,1000.8,1000.75,0.09999999999990905,"mini_flash_crash",1768680500.6953156
424,1000.7,1000.8,1000.75,0.09999999999990905,"mini_flash_crash",1768680500.6986482
425,1000.7,1000.8,1000.75,0.09999999999990905,"mini_flash_crash",1768680500.7016933
426,1000.7,1000.8,1000.75,0.09999999999990905,"mini_flash_crash",1768680500.7057638
427,1000.7,1000.8,1000.75,0.09999999999990905,"mini_flash_crash",1768680500.7101727
428,1000.7,1000.8,1000.75,0.09999999999990905,"mini_flash_crash",1768680500.713523
429,1000.7,1000.8,1000.75,0.09999999999990905,"mini_flash_crash",1768680500.7179785
430,1000.7,1000.8,1000.75,0.09999999999990905,"mini_flash_crash",1768680500.7223294
431,1000.7,1000.8,1000.75,0.09999999999990905,"mini_flash_crash",1768680500.7267666
432,1000.7,1000.8,1000.75,0.09999999999990905,"mini_flash_crash",1768680500.7303238
433,1000.1,1000.8,1000.45,0.6999999999999318,"mini_flash_crash",1768680500.733691
434,999.9,1000.8,1000.3499999999999,0.8999999999999773,"mini_flash_crash",1768680500.7372818
435,1000.1,1000.6,1000.35,0.5,"mini_flash_crash",1768680500.74028
436,1000.3,1000.5,1000.4,0.20000000000004547,"mini_flash_crash",1768680500.7442403
437,999.9,1000.8,1000.3499999999999,0.8999999999999773,"mini_flash_crash",1768680500.7490096
438,999.9,1000.8,1000.3499999999999,0.8999999999999773,"mini_flash_crash",1768680500.7528567
439,1000.2,1000.5,1000.35,0.2999999999999545,"mini_flash_crash",1768680500.7562184
440,999.4,1000.8,1000.0999999999999,1.3999999999999773,"mini_flash_crash",1768680500.760427
441,999.4,1000.8,1000.0999999999999,1.3999999999999773,"mini_flash_crash",1768680500.7637491
442,999.6,1000.6,1000.1,1,"mini_flash_crash",1768680500.7670786
443,999.9,1000.3,1000.0999999999999,0.39999999999997726,"mini_flash_crash",1768680500.7702672
444,998.6,1000.8,999.7,2.199999999999932,"mini_flash_crash",1768680500.7733667
445,998.2,1000.8,999.5,2.599999999999909,"mini_flash_crash",1768680500.7776864
446,997.3,1001.7,999.5,4.400000000000091,"mini_flash_crash",1768680500.781064
447,999.4,999.6,999.5,0.20000000000004547,"mini_flash_crash",1768680500.7856233
448,998.7,1000.3,999.5,1.599999999999909,"mini_flash_crash",1768680500.7896013
449,998.7,1000.3,999.5,1.599999999999909,"mini_flash_crash",1768680500.792855
450,999,1000,999.5,1,"mini_flash_crash",1768680500.798075
451,999.3,999.7,999.5,0.40000000000009095,"mini_flash_crash",1768680500.8013148
452,999,1000,999.5,1,"mini_flash_crash",1768680500.8042712
453,999.5,999.8,999.65,0.2999999999999545,"mini_flash_crash",1768680500.808326
454,999.5,1000,999.75,0.5,"mini_flash_crash",1768680500.8109915
455,999.6,999.9,999.75,0.2999999999999545,"mini_flash_crash",1768680500.8144932
456,999.6,999.9,999.75,0.2999999999999545,"mini_flash_crash",1768680500.8179545
457,999.7,1000.3,1000,0.599999999999909,"mini_flash_crash",1768680500.821304
458,999.7,1000.6,1000.1500000000001,0.8999999999999773,"mini_flash_crash",1768680500.824519
459,1000.1,1000.6,1000.35,0.5,"mini_flash_crash",1768680500.8277726
460,1000.1,1000.6,1000.35,0.5,"mini_flash_crash",1768680500.831648
461,1000.1,1000.6,1000.35,0.5,"mini_flash_crash",1768680500.8363535
462,1000.1,1000.6,1000.35,0.5,"mini_flash_crash",1768680500.8401577
463,999.7,1002,1000.85,2.2999999999999545,"mini_flash_crash",1768680500.8432834
464,1000.3,1000.9,1000.5999999999999,0.6000000000000227,"mini_flash_crash",1768680500.848237
465,1000.2,1000.9,1000.55,0.6999999999999318,"mini_flash_crash",1768680500.85148
466,1000.5,1000.6,1000.55,0.10000000000002274,"mini_flash_crash",1768680500.8555312
467,1000.5,1000.6,1000.55,0.10000000000002274,"mini_flash_crash",1768680500.8593442
468,1000.5,1000.6,1000.55,0.10000000000002274,"mini_flash_crash",1768680500.8644087
469,1000.5,1000.6,1000.55,0.10000000000002274,"mini_flash_crash",1768680500.8681042
470,1000.5,1000.6,1000.55,0.10000000000002274,"mini_flash_crash",1768680500.8718066
471,1000.5,1000.6,1000.55,0.10000000000002274,"mini_flash_crash",1768680500.8751
472,1000.5,1000.6,1000.55,0.10000000000002274,"mini_flash_crash",1768680500.8793466
473,1000.5,1000.6,1000.55,0.10000000000002274,"mini_flash_crash",1768680500.8829448
474,1000.5,1000.6,1000.55,0.10000000000002274,"mini_flash_crash",1768680500.8861642
475,1000.5,1000.6,1000.55,0.10000000000002274,"mini_flash_crash",1768680500.8894904
476,1000.3,1000.6,1000.45,0.3000000000000682,"mini_flash_crash",1768680500.89258
477,1000.3,1000.6,1000.45,0.3000000000000682,"mini_flash_crash",1768680500.8954275
478,1000.4,1000.6,1000.5,0.20000000000004547,"mini_flash_crash",1768680500.8984025
479,1000.5,1000.6,1000.55,0.10000000000002274,"mini_flash_crash",1768680500.9021041
480,1000.4,1000.6,1000.5,0.20000000000004547,"mini_flash_crash",1768680500.9063883
481,1000.2,1000.8,1000.5,0.599999999999909,"mini_flash_crash",1768680500.9113574
482,1000.4,1000.6,1000.5,0.20000000000004547,"mini_flash_crash",1768680500.9143543
483,998.9,1002.1,1000.5,3.2000000000000455,"mini_flash_crash",1768680500.917532
484,1000.1,1000.9,1000.5,0.7999999999999545,"mini_flash_crash",1768680500.920252
485,1000.4,1000.6,1000.5,0.20000000000004547,"mini_flash_crash",1768680500.923657
486,1000.3,1000.5,1000.4,0.20000000000004547,"mini_flash_crash",1768680500.9264793
487,999.2,1001.6,1000.4000000000001,2.3999999999999773,"mini_flash_crash",1768680500.9302862
488,999.7,1001.1,1000.4000000000001,1.3999999999999773,"mini_flash_crash",1768680500.9337597
489,1000,1000.4,1000.2,0.39999999999997726,"mini_flash_crash",1768680500.937463
490,1000,1000.2,1000.1,0.20000000000004547,"mini_flash_crash",1768680500.9403856
491,999.8,1000.2,1000,0.40000000000009095,"mini_flash_crash",1768680500.9432256
492,999.5,1000.2,999.85,0.7000000000000455,"mini_flash_crash",1768680500.9462192
493,999.7,999.9,999.8,0.1999999999999318,"mini_flash_crash",1768680500.9501529
494,999.7,999.9,999.8,0.1999999999999318,"mini_flash_crash",1768680500.9544442
495,999.7,999.9,999.8,0.1999999999999318,"mini_flash_crash",1768680500.9579525
496,999.7,999.9,999.8,0.1999999999999318,"mini_flash_crash",1768680500.9611113
497,998.6,999.9,999.25,1.2999999999999545,"mini_flash_crash",1768680500.964697
498,997.6,999.9,998.75,2.2999999999999545,"mini_flash_crash",1768680500.9683163
499,998.2,999.3,998.75,1.099999999999909,"mini_flash_crash",1768680500.9712598
500,998.2,999.3,998.75,1.099999999999909,"mini_flash_crash",1768680500.9748905
501,998.3,999.2,998.75,0.900000000000091,"mini_flash_crash",1768680500.9777484
502,998.6,998.9,998.75,0.2999999999999545,"mini_flash_crash",1768680500.9810045
503,998.4,999.1,998.75,0.7000000000000455,"mini_flash_crash",1768680500.9854035
504,998.7,998.9,998.8,0.1999999999999318,"mini_flash_crash",1768680500.9885364
505,998.8,999,998.9,0.20000000000004547,"mini_flash_crash",1768680500.991921
506,998.8,998.9,998.8499999999999,0.10000000000002274,"mini_flash_crash",1768680500.9951043
507,998.8,998.9,998.8499999999999,0.10000000000002274,"mini_flash_crash",1768680500.99844
508,998.8,999.2,999,0.40000000000009095,"mini_flash_crash",1768680501.0015647
509,998.9,999.1,999,0.20000000000004547,"mini_flash_crash",1768680501.0047398
510,998.9,999.1,999,0.20000000000004547,"mini_flash_crash",1768680501.008415
511,999,1000.2,999.6,1.2000000000000455,"mini_flash_crash",1768680501.0114157
512,999.6,1000.4,1000,0.7999999999999545,"mini_flash_crash",1768680501.0145552
513,999.6,1001.2,1000.4000000000001,1.6000000000000227,"mini_flash_crash",1768680501.017689
514,1000.1,1000.7,1000.4000000000001,0.6000000000000227,"mini_flash_crash",1768680501.0212426
515,999.9,1000.9,1000.4,1,"mini_flash_crash",1768680501.0257592
516,999,1001.8,1000.4,2.7999999999999545,"mini_flash_crash",1768680501.029328
517,1000.4,1001,1000.7,0.6000000000000227,"mini_flash_crash",1768680501.0324502
518,1000.4,1001,1000.7,0.6000000000000227,"mini_flash_crash",1768680501.0353012
519,1000.4,1001.7,1001.05,1.3000000000000682,"mini_flash_crash",1768680501.0383165
520,1001,1001.1,1001.05,0.10000000000002274,"mini_flash_crash",1768680501.0421891
521,1001,1001.1,1001.05,0.10000000000002274,"mini_flash_crash",1768680501.0466185
522,1001,1001.1,1001.05,0.10000000000002274,"mini_flash_crash",1768680501.049551
523,1001,1001.1,1001.05,0.10000000000002274,"mini_flash_crash",1768680501.0533788
524,1001,1001.1,1001.05,0.10000000000002274,"mini_flash_crash",1768680501.0572472
525,1001,1001.1,1001.05,0.10000000000002274,"mini_flash_crash",1768680501.06228
526,1000.3,1001.1,1000.7,0.8000000000000682,"mini_flash_crash",1768680501.0655162
527,1000.5,1000.9,1000.7,0.39999999999997726,"mini_flash_crash",1768680501.0687604
528,1000.5,1000.7,1000.6,0.20000000000004547,"mini_flash_crash",1768680501.072358
529,1000.5,1000.8,1000.65,0.2999999999999545,"mini_flash_crash",1768680501.0764723
530,1000.6,1000.7,1000.6500000000001,0.10000000000002274,"mini_flash_crash",1768680501.0799124
531,1000.6,1000.7,1000.6500000000001,0.10000000000002274,"mini_flash_crash",1768680501.083093
532,1000.6,1000.7,1000.6500000000001,0.10000000000002274,"mini_flash_crash",1768680501.0868914
533,1000.6,1000.7,1000.6500000000001,0.10000000000002274,"mini_flash_crash",1768680501.089865
534,1000.3,1000.7,1000.5,0.40000000000009095,"mini_flash_crash",1768680501.0935116
535,1000.3,1000.5,1000.4,0.20000000000004547,"mini_flash_crash",1768680501.0982366
536,1000.2,1000.5,1000.35,0.2999999999999545,"mini_flash_crash",1768680501.1023653
537,1000.3,1000.5,1000.4,0.20000000000004547,"mini_flash_crash",1768680501.1053169
538,1000.1,1000.4,1000.25,0.2999999999999545,"mini_flash_crash",1768680501.1094897
539,1000.1,1000.4,1000.25,0.2999999999999545,"mini_flash_crash",1768680501.113746
540,1000,1000.3,1000.15,0.2999999999999545,"mini_flash_crash",1768680501.118094
541,1000,1000.3,1000.15,0.2999999999999545,"mini_flash_crash",1768680501.1215577
542,1000,1000.3,1000.15,0.2999999999999545,"mini_flash_crash",1768680501.1258585
543,1000.1,1000.3,1000.2,0.1999999999999318,"mini_flash_crash",1768680501.1298373
544,1000.1,1000.3,1000.2,0.1999999999999318,"mini_flash_crash",1768680501.133689
545,1000.1,1000.3,1000.2,0.1999999999999318,"mini_flash_crash",1768680501.1380622
546,1000.1,1000.3,1000.2,0.1999999999999318,"mini_flash_crash",1768680501.141287
547,998.9,1000.3,999.5999999999999,1.3999999999999773,"mini_flash_crash",1768680501.144697
548,998,1000.3,999.15,2.2999999999999545,"mini_flash_crash",1768680501.147931
549,999,999.3,999.15,0.2999999999999545,"mini_flash_crash",1768680501.151126
550,997.2,1000.3,998.75,3.099999999999909,"mini_flash_crash",1768680501.154418
551,997.2,1000.3,998.75,3.099999999999909,"mini_flash_crash",1768680501.1575656
552,998.7,999.6,999.1500000000001,0.8999999999999773,"mini_flash_crash",1768680501.160477
553,999.1,999.5,999.3,0.39999999999997726,"mini_flash_crash",1768680501.16312
554,999.2,999.4,999.3,0.1999999999999318,"mini_flash_crash",1768680501.1662903
555,999.1,1000,999.55,0.8999999999999773,"mini_flash_crash",1768680501.1689467
556,999.2,999.9,999.55,0.6999999999999318,"mini_flash_crash",1768680501.1728706
557,998.1,1001,999.55,2.8999999999999773,"mini_flash_crash",1768680501.176269
558,999.5,999.7,999.6,0.20000000000004547,"mini_flash_crash",1768680501.1802397
559,999.5,999.7,999.6,0.20000000000004547,"mini_flash_crash",1768680501.1842365
560,999.5,999.7,999.6,0.20000000000004547,"mini_flash_crash",1768680501.1886787
561,999.5,999.8,999.65,0.2999999999999545,"mini_flash_crash",1768680501.1943014
562,999.5,999.8,999.65,0.2999999999999545,"mini_flash_crash",1768680501.1985571
563,999.5,999.8,999.65,0.2999999999999545,"mini_flash_crash",1768680501.201894
564,999.5,1000,999.75,0.5,"mini_flash_crash",1768680501.2063954
565,999.5,999.8,999.65,0.2999999999999545,"mini_flash_crash",1768680501.209724
566,999.5,999.8,999.65,0.2999999999999545,"mini_flash_crash",1768680501.2143066
567,999.5,999.8,999.65,0.2999999999999545,"mini_flash_crash",1768680501.2185278
568,999.5,999.8,999.65,0.2999999999999545,"mini_flash_crash",1768680501.2223873
569,999.6,999.8,999.7,0.1999999999999318,"mini_flash_crash",1768680501.2262332
570,999.7,999.8,999.75,0.09999999999990905,"mini_flash_crash",1768680501.2303917
571,999.6,999.8,999.7,0.1999999999999318,"mini_flash_crash",1768680501.2345517
572,999.6,999.8,999.7,0.1999999999999318,"mini_flash_crash",1768680501.23816
573,999.6,999.8,999.7,0.1999999999999318,"mini_flash_crash",1768680501.2430763
574,999.7,999.8,999.75,0.09999999999990905,"mini_flash_crash",1768680501.246395
575,999.7,999.8,999.75,0.09999999999990905,"mini_flash_crash",1768680501.2505927
576,999.7,1000.2,999.95,0.5,"mini_flash_crash",1768680501.255511
577,999.8,1000.1,999.95,0.3000000000000682,"mini_flash_crash",1768680501.2587442
578,999.8,1000.1,999.95,0.3000000000000682,"mini_flash_crash",1768680501.2626517
579,998.7,1001.2,999.95,2.5,"mini_flash_crash",1768680501.265478
580,999.4,1000.5,999.95,1.1000000000000227,"mini_flash_crash",1768680501.2685874
581,998.4,1001.5,999.95,3.1000000000000227,"mini_flash_crash",1768680501.2718353
582,998.7,1001.2,999.95,2.5,"mini_flash_crash",1768680501.275321
583,999.4,1000.5,999.95,1.1000000000000227,"mini_flash_crash",1768680501.2784579
584,999.1,1000.8,999.95,1.6999999999999318,"mini_flash_crash",1768680501.281513
585,997.9,1002,999.95,4.100000000000023,"mini_flash_crash",1768680501.2843065
586,999.5,1000.4,999.95,0.8999999999999773,"mini_flash_crash",1768680501.2884228
587,999.7,1000.2,999.95,0.5,"mini_flash_crash",1768680501.2916524
588,999.5,1000.4,999.95,0.8999999999999773,"mini_flash_crash",1768680501.2953794
589,999.3,1000.6,999.95,1.3000000000000682,"mini_flash_crash",1768680501.2987275
590,999.3,1000.6,999.95,1.3000000000000682,"mini_flash_crash",1768680501.3022103
591,999.6,1000.3,999.95,0.6999999999999318,"mini_flash_crash",1768680501.3060527
592,999.6,1000.3,999.95,0.6999999999999318,"mini_flash_crash",1768680501.3102362
593,999.6,1000.3,999.95,0.6999999999999318,"mini_flash_crash",1768680501.3141787
594,999.9,1000.1,1000,0.20000000000004547,"mini_flash_crash",1768680501.3173044
595,999.4,1000.6,1000,1.2000000000000455,"mini_flash_crash",1768680501.3244355
596,998.7,1001.3,1000,2.599999999999909,"mini_flash_crash",1768680501.327232
597,999.2,1000.8,1000,1.599999999999909,"mini_flash_crash",1768680501.3305948
598,999.1,1000.9,1000,1.7999999999999545,"mini_flash_crash",1768680501.3350406
599,999.5,1000.5,1000,1,"mini_flash_crash",1768680501.3380742
600,999.5,1000.5,1000,1,"mini_flash_crash",1768680501.34204
601,999.2,1000.8,1000,1.599999999999909,"mini_flash_crash",1768680501.3445265
602,999.2,1000.8,1000,1.599999999999909,"mini_flash_crash",1768680501.34801
603,999.9,1000.1,1000,0.20000000000004547,"mini_flash_crash",1768680501.351103
604,999.9,1000.1,1000,0.20000000000004547,"mini_flash_crash",1768680501.3544207
605,999,1001,1000,2,"mini_flash_crash",1768680501.3578181
606,999.9,1000.1,1000,0.20000000000004547,"mini_flash_crash",1768680501.361269
607,999.9,1000,999.95,0.10000000000002274,"mini_flash_crash",1768680501.3660438
608,998.7,1000,999.35,1.2999999999999545,"mini_flash_crash",1768680501.3703377
609,999.3,999.6,999.45,0.3000000000000682,"mini_flash_crash",1768680501.3740354
610,999.4,999.5,999.45,0.10000000000002274,"mini_flash_crash",1768680501.3774269
611,999.4,999.9,999.65,0.5,"mini_flash_crash",1768680501.3814948
612,999.4,999.9,999.65,0.5,"mini_flash_crash",1768680501.3843133
613,999.6,1000,999.8,0.39999999999997726,"mini_flash_crash",1768680501.387906
614,999.6,1000,999.8,0.39999999999997726,"mini_flash_crash",1768680501.3916233
615,999.6,1000.3,999.95,0.6999999999999318,"mini_flash_crash",1768680501.3952594
616,999.7,1000.2,999.95,0.5,"mini_flash_crash",1768680501.399272
617,999.4,1001.2,1000.3,1.8000000000000682,"mini_flash_crash",1768680501.4025128
618,1000.1,1000.5,1000.3,0.39999999999997726,"mini_flash_crash",1768680501.4056048
619,1000.1,1000.5,1000.3,0.39999999999997726,"mini_flash_crash",1768680501.4091983
620,1000.1,1000.3,1000.2,0.1999999999999318,"mini_flash_crash",1768680501.412594
621,999.3,1000.3,999.8,1,"mini_flash_crash",1768680501.4169116
622,999.5,1000.1,999.8,0.6000000000000227,"mini_flash_crash",1768680501.421099
623,999.8,1000.1,999.95,0.3000000000000682,"mini_flash_crash",1768680501.4239514
624,999.3,1001.8,1000.55,2.5,"mini_flash_crash",1768680501.4265096
625,1000.4,1000.7,1000.55,0.3000000000000682,"mini_flash_crash",1768680501.4302099
626,1000.3,1000.8,1000.55,0.5,"mini_flash_crash",1768680501.4332986
627,1000.3,1000.8,1000.55,0.5,"mini_flash_crash",1768680501.4367518
628,1000.3,1000.6,1000.45,0.3000000000000682,"mini_flash_crash",1768680501.4412525
629,1000.3,1000.6,1000.45,0.3000000000000682,"mini_flash_crash",1768680501.4442163
630,1000.4,1000.6,1000.5,0.20000000000004547,"mini_flash_crash",1768680501.4481719
631,999.6,1001.4,1000.5,1.7999999999999545,"mini_flash_crash",1768680501.4522862
632,999.8,1001.2,1000.5,1.400000000000091,"mini_flash_crash",1768680501.4564528
633,999.7,1001.3,1000.5,1.599999999999909,"mini_flash_crash",1768680501.4604442
634,1000.5,1002,1001.25,1.5,"mini_flash_crash",1768680501.4643707
635,1001.1,1001.4,1001.25,0.2999999999999545,"mini_flash_crash",1768680501.4670594
636,1001.1,1001.4,1001.25,0.2999999999999545,"mini_flash_crash",1768680501.4703228
637,1001,1001.5,1001.25,0.5,"mini_flash_crash",1768680501.4734743
638,1001.1,1001.4,1001.25,0.2999999999999545,"mini_flash_crash",1768680501.4764016
639,1001,1001.3,1001.15,0.2999999999999545,"mini_flash_crash",1768680501.480271
640,1001,1001.3,1001.15,0.2999999999999545,"mini_flash_crash",1768680501.4832747
641,1000.8,1001.3,1001.05,0.5,"mini_flash_crash",1768680501.4869673
642,1000.9,1001.1,1001,0.20000000000004547,"mini_flash_crash",1768680501.4908764
643,1000.9,1001,1000.95,0.10000000000002274,"mini_flash_crash",1768680501.49433
644,1000.9,1001,1000.95,0.10000000000002274,"mini_flash_crash",1768680501.4972878
645,1000.1,1001,1000.55,0.8999999999999773,"mini_flash_crash",1768680501.5014126
646,1000.5,1000.7,1000.6,0.20000000000004547,"mini_flash_crash",1768680501.5051527
647,1000.5,1000.7,1000.6,0.20000000000004547,"mini_flash_crash",1768680501.508946
648,1000.5,1000.7,1000.6,0.20000000000004547,"mini_flash_crash",1768680501.5120928
649,999.7,1000.6,1000.1500000000001,0.8999999999999773,"mini_flash_crash",1768680501.5169585
650,1000.1,1000.6,1000.35,0.5,"mini_flash_crash",1768680501.5206099
651,1000.1,1000.4,1000.25,0.2999999999999545,"mini_flash_crash",1768680501.5242422
652,1000.1,1000.3,1000.2,0.1999999999999318,"mini_flash_crash",1768680501.5278995
653,1000.1,1000.3,1000.2,0.1999999999999318,"mini_flash_crash",1768680501.5322738
654,1000.1,1000.3,1000.2,0.1999999999999318,"mini_flash_crash",1768680501.5370646
655,999.3,1001.1,1000.2,1.8000000000000682,"mini_flash_crash",1768680501.5414445
656,999.4,1001,1000.2,1.6000000000000227,"mini_flash_crash",1768680501.5445864
657,999.4,1001,1000.2,1.6000000000000227,"mini_flash_crash",1768680501.5487192
658,999.4,1001,1000.2,1.6000000000000227,"mini_flash_crash",1768680501.5522006
659,999.4,1001,1000.2,1.6000000000000227,"mini_flash_crash",1768680501.5555322
660,1000.1,1000.3,1000.2,0.1999999999999318,"mini_flash_crash",1768680501.5593882
661,1000,1000.4,1000.2,0.39999999999997726,"mini_flash_crash",1768680501.5633004
662,1000.1,1000.3,1000.2,0.1999999999999318,"mini_flash_crash",1768680501.566745
663,1000.2,1000.5,1000.35,0.2999999999999545,"mini_flash_crash",1768680501.5706615
664,1000.2,1000.4,1000.3,0.1999999999999318,"mini_flash_crash",1768680501.5736902
665,1000.2,1001.6,1000.9000000000001,1.3999999999999773,"mini_flash_crash",1768680501.5767252
666,1000.4,1001.4,1000.9,1,"mini_flash_crash",1768680501.580032
667,1000.4,1001.4,1000.9,1,"mini_flash_crash",1768680501.5832455
668,1000.6,1001.2,1000.9000000000001,0.6000000000000227,"mini_flash_crash",1768680501.5862534
669,1000.5,1001.3,1000.9,0.7999999999999545,"mini_flash_crash",1768680501.5907745
670,1000.5,1001.3,1000.9,0.7999999999999545,"mini_flash_crash",1768680501.5940201
671,1000.4,1001.4,1000.9,1,"mini_flash_crash",1768680501.5978594
672,1000.4,1001.4,1000.9,1,"mini_flash_crash",1768680501.6014626
673,1000.4,1001.4,1000.9,1,"mini_flash_crash",1768680501.6047435
674,1000.9,1001.3,1001.0999999999999,0.39999999999997726,"mini_flash_crash",1768680501.6079445
675,1000.9,1002,1001.45,1.1000000000000227,"mini_flash_crash",1768680501.6111705
676,1001.2,1001.7,1001.45,0.5,"mini_flash_crash",1768680501.6143425
677,1001.2,1001.7,1001.45,0.5,"mini_flash_crash",1768680501.6178133
678,1000.9,1001.5,1001.2,0.6000000000000227,"mini_flash_crash",1768680501.6212587
679,999.7,1002.7,1001.2,3,"mini_flash_crash",1768680501.6253111
680,1001.1,1001.2,1001.1500000000001,0.10000000000002274,"mini_flash_crash",1768680501.6283667
681,1000.9,1001.2,1001.05,0.3000000000000682,"mini_flash_crash",1768680501.6319501
682,1000.9,1001.2,1001.05,0.3000000000000682,"mini_flash_crash",1768680501.635475
683,1001,1001.1,1001.05,0.10000000000002274,"mini_flash_crash",1768680501.6394174
684,1001,1001.1,1001.05,0.10000000000002274,"mini_flash_crash",1768680501.6427574
685,1001,1001.1,1001.05,0.10000000000002274,"mini_flash_crash",1768680501.6470964
686,1001,1001.1,1001.05,0.10000000000002274,"mini_flash_crash",1768680501.6510031
687,1000,1001.1,1000.55,1.1000000000000227,"mini_flash_crash",1768680501.6542099
688,1000.5,1001.1,1000.8,0.6000000000000227,"mini_flash_crash",1768680501.6581187
689,1000.8,1001,1000.9,0.20000000000004547,"mini_flash_crash",1768680501.6634243
690,1000.8,1001,1000.9,0.20000000000004547,"mini_flash_crash",1768680501.6711519
691,1000.8,1001,1000.9,0.20000000000004547,"mini_flash_crash",1768680501.6749172
692,1000.8,1001.1,1000.95,0.3000000000000682,"mini_flash_crash",1768680501.677891
693,1000.9,1001.1,1001,0.20000000000004547,"mini_flash_crash",1768680501.6814115
694,1000.9,1001,1000.95,0.10000000000002274,"mini_flash_crash",1768680501.6846945
695,1000.9,1001,1000.95,0.10000000000002274,"mini_flash_crash",1768680501.687987
696,1000.8,1001,1000.9,0.20000000000004547,"mini_flash_crash",1768680501.6911829
697,1000.8,1001,1000.9,0.20000000000004547,"mini_flash_crash",1768680501.6944048
698,1000.8,1001,1000.9,0.20000000000004547,"mini_flash_crash",1768680501.6977491
699,1000.8,1001,1000.9,0.20000000000004547,"mini_flash_crash",1768680501.7013552
700,1000.9,1001,1000.95,0.10000000000002274,"mini_flash_crash",1768680501.7046835
701,1000.9,1001,1000.95,0.10000000000002274,"mini_flash_crash",1768680501.7084165
702,1000.8,1001,1000.9,0.20000000000004547,"mini_flash_crash",1768680501.711705
703,1000.3,1001,1000.65,0.7000000000000455,"mini_flash_crash",1768680501.715297
704,1000.2,1000.7,1000.45,0.5,"mini_flash_crash",1768680501.718434
705,999.9,1000.7,1000.3,0.8000000000000682,"mini_flash_crash",1768680501.7214189
706,999.3,1001.3,1000.3,2,"mini_flash_crash",1768680501.7250702
707,999.1,1001.5,1000.3,2.3999999999999773,"mini_flash_crash",1768680501.728
708,999.3,1000.3,999.8,1,"mini_flash_crash",1768680501.7311287
709,999.5,1000.1,999.8,0.6000000000000227,"mini_flash_crash",1768680501.7343647
710,999.7,999.9,999.8,0.1999999999999318,"mini_flash_crash",1768680501.737764
711,999.6,1000,999.8,0.39999999999997726,"mini_flash_crash",1768680501.743623
712,999.8,1000.4,1000.0999999999999,0.6000000000000227,"mini_flash_crash",1768680501.746602
713,1000.1,1000.5,1000.3,0.39999999999997726,"mini_flash_crash",1768680501.7498028
714,1000.1,1000.3,1000.2,0.1999999999999318,"mini_flash_crash",1768680501.7532754
715,999.8,1000.3,1000.05,0.5,"mini_flash_crash",1768680501.7563756
716,1000,1000.2,1000.1,0.20000000000004547,"mini_flash_crash",1768680501.759459
717,1000,1000.2,1000.1,0.20000000000004547,"mini_flash_crash",1768680501.7628117
718,999.8,1000.4,1000.0999999999999,0.6000000000000227,"mini_flash_crash",1768680501.76626
719,999.2,1000.1,999.6500000000001,0.8999999999999773,"mini_flash_crash",1768680501.7697036
720,998.9,1000.1,999.5,1.2000000000000455,"mini_flash_crash",1768680501.7740915
721,998.9,1000.1,999.5,1.2000000000000455,"mini_flash_crash",1768680501.777798
722,999,1000,999.5,1,"mini_flash_crash",1768680501.7805507
723,998.7,1000.1,999.4000000000001,1.3999999999999773,"mini_flash_crash",1768680501.7844827
724,998.9,999.9,999.4,1,"mini_flash_crash",1768680501.7883856
725,998.9,999.4,999.15,0.5,"mini_flash_crash",1768680501.7919092
726,998.8,999.4,999.0999999999999,0.6000000000000227,"mini_flash_crash",1768680501.795621
727,998.9,999.3,999.0999999999999,0.39999999999997726,"mini_flash_crash",1768680501.7988534
728,999.1,999.6,999.35,0.5,"mini_flash_crash",1768680501.8021436
729,999.3,999.5,999.4,0.20000000000004547,"mini_flash_crash",1768680501.8053098
730,999.2,999.6,999.4000000000001,0.39999999999997726,"mini_flash_crash",1768680501.8084805
731,999.3,999.4,999.3499999999999,0.10000000000002274,"mini_flash_crash",1768680501.8123827
732,998.5,999.4,998.95,0.8999999999999773,"mini_flash_crash",1768680501.8178144
733,998.6,999.3,998.95,0.6999999999999318,"mini_flash_crash",1768680501.8213277
734,997.9,999.4,998.65,1.5,"mini_flash_crash",1768680501.8248975
735,998.3,999,998.65,0.7000000000000455,"mini_flash_crash",1768680501.827883
736,998.4,998.9,998.65,0.5,"mini_flash_crash",1768680501.8311453
737,998.6,998.9,998.75,0.2999999999999545,"mini_flash_crash",1768680501.8357675
738,998.6,998.9,998.75,0.2999999999999545,"mini_flash_crash",1768680501.838769
739,998.7,998.9,998.8,0.1999999999999318,"mini_flash_crash",1768680501.8421128
740,998.6,999.3,998.95,0.6999999999999318,"mini_flash_crash",1768680501.8481407
741,998.8,999.1,998.95,0.3000000000000682,"mini_flash_crash",1768680501.851686
742,998.3,999.6,998.95,1.3000000000000682,"mini_flash_crash",1768680501.8553343
743,998.4,999.5,998.95,1.1000000000000227,"mini_flash_crash",1768680501.8581538
744,998.6,999.3,998.95,0.6999999999999318,"mini_flash_crash",1768680501.862244
745,997.5,1000.4,998.95,2.8999999999999773,"mini_flash_crash",1768680501.8652983
746,998.7,999.2,998.95,0.5,"mini_flash_crash",1768680501.8686576
747,998.9,999.1,999,0.20000000000004547,"mini_flash_crash",1768680501.8715825
748,998.9,999.1,999,0.20000000000004547,"mini_flash_crash",1768680501.875295
749,998.1,999.8,998.95,1.6999999999999318,"mini_flash_crash",1768680501.8782113
750,998.9,1000,999.45,1.1000000000000227,"mini_flash_crash",1768680501.8813004
751,999.4,1001.2,1000.3,1.8000000000000682,"mini_flash_crash",1768680501.8857987
752,1000.3,1000.9,1000.5999999999999,0.6000000000000227,"mini_flash_crash",1768680501.8903897
753,1000.4,1000.8,1000.5999999999999,0.39999999999997726,"mini_flash_crash",1768680501.8937209
754,1000.5,1000.6,1000.55,0.10000000000002274,"mini_flash_crash",1768680501.898379
755,1000.3,1001.1,1000.7,0.8000000000000682,"mini_flash_crash",1768680501.9016845
756,1000.4,1001,1000.7,0.6000000000000227,"mini_flash_crash",1768680501.9054215
757,1000.7,1000.9,1000.8,0.1999999999999318,"mini_flash_crash",1768680501.9095407
758,1000.8,1001,1000.9,0.20000000000004547,"mini_flash_crash",1768680501.9126627
759,1000.8,1001.3,1001.05,0.5,"mini_flash_crash",1768680501.917296
760,1000.8,1001.3,1001.05,0.5,"mini_flash_crash",1768680501.9208586
761,1000.8,1002.1,1001.45,1.3000000000000682,"mini_flash_crash",1768680501.9241385
762,1000.8,1002.3,1001.55,1.5,"mini_flash_crash",1768680501.9276915
763,1001.4,1001.7,1001.55,0.3000000000000682,"mini_flash_crash",1768680501.9313555
764,1001.5,1002.9,1002.2,1.3999999999999773,"mini_flash_crash",1768680501.9357796
765,1001.5,1003.2,1002.35,1.7000000000000455,"mini_flash_crash",1768680501.9393594
766,1002.3,1003.7,1003,1.400000000000091,"mini_flash_crash",1768680501.9429162
767,1002.5,1003.5,1003,1,"mini_flash_crash",1768680501.9474084
768,1002.7,1003.3,1003,0.599999999999909,"mini_flash_crash",1768680501.9505122
769,1001.9,1004.1,1003,2.2000000000000455,"mini_flash_crash",1768680501.953556
770,1002,1004,1003,2,"mini_flash_crash",1768680501.956849
771,1003,1003.2,1003.1,0.20000000000004547,"mini_flash_crash",1768680501.9603024
772,1002.6,1003.6,1003.1,1,"mini_flash_crash",1768680501.9647393
773,1002.7,1003.5,1003.1,0.7999999999999545,"mini_flash_crash",1768680501.9683144
774,1002.5,1003.1,1002.8,0.6000000000000227,"mini_flash_crash",1768680501.971274
775,1001.9,1003.1,1002.5,1.2000000000000455,"mini_flash_crash",1768680501.9747436
776,1002.5,1002.9,1002.7,0.39999999999997726,"mini_flash_crash",1768680501.9785156
777,1002.5,1003.1,1002.8,0.6000000000000227,"mini_flash_crash",1768680501.9816875
778,1002.5,1002.8,1002.65,0.2999999999999545,"mini_flash_crash",1768680501.9847784
779,1002.5,1002.8,1002.65,0.2999999999999545,"mini_flash_crash",1768680501.9883153
780,1002.6,1002.8,1002.7,0.1999999999999318,"mini_flash_crash",1768680501.9910517
781,1002.6,1002.7,1002.6500000000001,0.10000000000002274,"mini_flash_crash",1768680501.9947035
782,1002.6,1002.7,1002.6500000000001,0.10000000000002274,"mini_flash_crash",1768680501.9983037
783,1002.6,1003.4,1003,0.7999999999999545,"mini_flash_crash",1768680502.0022426
784,1002.6,1003.4,1003,0.7999999999999545,"mini_flash_crash",1768680502.0049407
785,1002.6,1003,1002.8,0.39999999999997726,"mini_flash_crash",1768680502.0087693
786,1002.6,1003,1002.8,0.39999999999997726,"mini_flash_crash",1768680502.0124316
787,1002.6,1003,1002.8,0.39999999999997726,"mini_flash_crash",1768680502.015434
788,1002.6,1003,1002.8,0.39999999999997726,"mini_flash_crash",1768680502.0194185
789,1002.6,1002.8,1002.7,0.1999999999999318,"mini_flash_crash",1768680502.023092
790,1002.6,1002.8,1002.7,0.1999999999999318,"mini_flash_crash",1768680502.0259497
791,1002.6,1003.3,1002.95,0.6999999999999318,"mini_flash_crash",1768680502.0290976
792,1002.6,1003.5,1003.05,0.8999999999999773,"mini_flash_crash",1768680502.0324624
793,1002.8,1003.3,1003.05,0.5,"mini_flash_crash",1768680502.0357678
794,1002.6,1003.5,1003.05,0.8999999999999773,"mini_flash_crash",1768680502.0400608
795,1002.9,1003.1,1003,0.20000000000004547,"mini_flash_crash",1768680502.043326
796,1002.9,1003.2,1003.05,0.3000000000000682,"mini_flash_crash",1768680502.0464385
797,1003,1003.7,1003.35,0.7000000000000455,"mini_flash_crash",1768680502.049676
798,1003.1,1003.6,1003.35,0.5,"mini_flash_crash",1768680502.05306
799,1003.2,1003.5,1003.35,0.2999999999999545,"mini_flash_crash",1768680502.0572083
800,1003,1003.7,1003.35,0.7000000000000455,"mini_flash_crash",1768680502.0601172
801,1003.3,1004.1,1003.7,0.8000000000000682,"mini_flash_crash",1768680502.0630188
802,1003.6,1003.8,1003.7,0.1999999999999318,"mini_flash_crash",1768680502.0657911
803,1003.6,1003.8,1003.7,0.1999999999999318,"mini_flash_crash",1768680502.06909
804,1003.6,1003.8,1003.7,0.1999999999999318,"mini_flash_crash",1768680502.072496
805,1003.3,1004.1,1003.7,0.8000000000000682,"mini_flash_crash",1768680502.0760407
806,1003.2,1004.2,1003.7,1,"mini_flash_crash",1768680502.0792687
807,1003.7,1003.8,1003.75,0.09999999999990905,"mini_flash_crash",1768680502.0830345
808,1003.6,1003.8,1003.7,0.1999999999999318,"mini_flash_crash",1768680502.087805
809,1003.6,1003.7,1003.6500000000001,0.10000000000002274,"mini_flash_crash",1768680502.090755
810,1003.6,1003.7,1003.6500000000001,0.10000000000002274,"mini_flash_crash",1768680502.0933747
811,1003.4,1003.7,1003.55,0.3000000000000682,"mini_flash_crash",1768680502.09623
812,1002.4,1003.7,1003.05,1.3000000000000682,"mini_flash_crash",1768680502.0991595
813,1003,1003.7,1003.35,0.7000000000000455,"mini_flash_crash",1768680502.103376
814,1003,1003.7,1003.35,0.7000000000000455,"mini_flash_crash",1768680502.1069152
815,1002.7,1003.4,1003.05,0.6999999999999318,"mini_flash_crash",1768680502.1117218
816,1002.8,1003.3,1003.05,0.5,"mini_flash_crash",1768680502.1165512
817,1002.7,1003.4,1003.05,0.6999999999999318,"mini_flash_crash",1768680502.1195412
818,1002.7,1003.4,1003.05,0.6999999999999318,"mini_flash_crash",1768680502.122318
819,1003,1003.2,1003.1,0.20000000000004547,"mini_flash_crash",1768680502.125109
820,1002.8,1003.4,1003.0999999999999,0.6000000000000227,"mini_flash_crash",1768680502.1287036
821,1002.8,1003.4,1003.0999999999999,0.6000000000000227,"mini_flash_crash",1768680502.1323628
822,1002.8,1003.4,1003.0999999999999,0.6000000000000227,"mini_flash_crash",1768680502.1357117
823,1002.3,1003.4,1002.8499999999999,1.1000000000000227,"mini_flash_crash",1768680502.1387587
824,1002.3,1003.4,1002.8499999999999,1.1000000000000227,"mini_flash_crash",1768680502.1421883
825,1002,1002.9,1002.45,0.8999999999999773,"mini_flash_crash",1768680502.1458526
826,1002,1003.7,1002.85,1.7000000000000455,"mini_flash_crash",1768680502.1488678
827,1002.8,1003,1002.9,0.20000000000004547,"mini_flash_crash",1768680502.1522312
828,1002.8,1003,1002.9,0.20000000000004547,"mini_flash_crash",1768680502.1571417
829,1002.9,1003,1002.95,0.10000000000002274,"mini_flash_crash",1768680502.1614954
830,1002.9,1003,1002.95,0.10000000000002274,"mini_flash_crash",1768680502.1652007
831,1001.1,1003.7,1002.4000000000001,2.6000000000000227,"mini_flash_crash",1768680502.1681907
832,1001.1,1003.7,1002.4000000000001,2.6000000000000227,"mini_flash_crash",1768680502.1717253
833,1002.4,1002.6,1002.5,0.20000000000004547,"mini_flash_crash",1768680502.1753547
834,1002.4,1003.2,1002.8,0.8000000000000682,"mini_flash_crash",1768680502.1782405
835,1002.4,1003.2,1002.8,0.8000000000000682,"mini_flash_crash",1768680502.1820297
836,1001.4,1003.7,1002.55,2.300000000000068,"mini_flash_crash",1768680502.1859422
837,1002.5,1002.6,1002.55,0.10000000000002274,"mini_flash_crash",1768680502.190749
838,1002.4,1002.6,1002.5,0.20000000000004547,"mini_flash_crash",1768680502.19474
839,1001.4,1002.6,1002,1.2000000000000455,"mini_flash_crash",1768680502.1977537
840,1001.9,1002.1,1002,0.20000000000004547,"mini_flash_crash",1768680502.2011337
841,999.3,1002,1000.65,2.7000000000000455,"mini_flash_crash",1768680502.2046232
842,1000.6,1000.8,1000.7,0.1999999999999318,"mini_flash_crash",1768680502.2080162
843,1000.5,1000.8,1000.65,0.2999999999999545,"mini_flash_crash",1768680502.2117538
844,1000.4,1000.9,1000.65,0.5,"mini_flash_crash",1768680502.2155876
845,1000.4,1000.7,1000.55,0.3000000000000682,"mini_flash_crash",1768680502.2192776
846,999.8,1000.7,1000.25,0.900000000000091,"mini_flash_crash",1768680502.2235262
847,999.7,1000.7,1000.2,1,"mini_flash_crash",1768680502.2261775
848,1000.1,1000.3,1000.2,0.1999999999999318,"mini_flash_crash",1768680502.2294981
849,1000.1,1000.3,1000.2,0.1999999999999318,"mini_flash_crash",1768680502.2335145
850,998.7,1000.7,999.7,2,"mini_flash_crash",1768680502.2393334
851,997.8,1001.6,999.7,3.800000000000068,"mini_flash_crash",1768680502.2424405
852,999.7,1001.1,1000.4000000000001,1.3999999999999773,"mini_flash_crash",1768680502.245945
853,999.7,1001.1,1000.4000000000001,1.3999999999999773,"mini_flash_crash",1768680502.248577
854,1000.3,1000.5,1000.4,0.20000000000004547,"mini_flash_crash",1768680502.2512193
855,1000.4,1000.8,1000.5999999999999,0.39999999999997726,"mini_flash_crash",1768680502.2537587
856,1000.4,1001.3,1000.8499999999999,0.8999999999999773,"mini_flash_crash",1768680502.2573128
857,1000.4,1001.3,1000.8499999999999,0.8999999999999773,"mini_flash_crash",1768680502.2609165
858,1000.6,1001.1,1000.85,0.5,"mini_flash_crash",1768680502.2653244
859,1000.6,1001.1,1000.85,0.5,"mini_flash_crash",1768680502.2680855
860,1000.6,1001.1,1000.85,0.5,"mini_flash_crash",1768680502.2717826
861,1000.5,1001.2,1000.85,0.7000000000000455,"mini_flash_crash",1768680502.2754972
862,999.2,1002.5,1000.85,3.2999999999999545,"mini_flash_crash",1768680502.278313
863,1000.7,1001,1000.85,0.2999999999999545,"mini_flash_crash",1768680502.2817976
864,1000.7,1001,1000.85,0.2999999999999545,"mini_flash_crash",1768680502.2848449
865,1000.8,1001,1000.9,0.20000000000004547,"mini_flash_crash",1768680502.2883933
866,1000.8,1001.9,1001.3499999999999,1.1000000000000227,"mini_flash_crash",1768680502.292452
867,1000.8,1002.5,1001.65,1.7000000000000455,"mini_flash_crash",1768680502.2957523
868,1000.8,1002.5,1001.65,1.7000000000000455,"mini_flash_crash",1768680502.2993755
869,1001.6,1003.4,1002.5,1.7999999999999545,"mini_flash_crash",1768680502.3023846
870,1001.8,1003.2,1002.5,1.400000000000091,"mini_flash_crash",1768680502.3053865
871,1001.8,1003.2,1002.5,1.400000000000091,"mini_flash_crash",1768680502.3087685
872,1002.3,1002.7,1002.5,0.40000000000009095,"mini_flash_crash",1768680502.312258
873,1001.8,1003.2,1002.5,1.400000000000091,"mini_flash_crash",1768680502.3155
874,1001.8,1003.2,1002.5,1.400000000000091,"mini_flash_crash",1768680502.319295
875,1002.3,1002.7,1002.5,0.40000000000009095,"mini_flash_crash",1768680502.3222067
876,1002.5,1002.9,1002.7,0.39999999999997726,"mini_flash_crash",1768680502.3259351
877,1001.9,1003.1,1002.5,1.2000000000000455,"mini_flash_crash",1768680502.3287172
878,1002.2,1002.8,1002.5,0.599999999999909,"mini_flash_crash",1768680502.3320732
879,1002.2,1002.8,1002.5,0.599999999999909,"mini_flash_crash",1768680502.3348873
880,1002.2,1002.8,1002.5,0.599999999999909,"mini_flash_crash",1768680502.3385515
881,1002.2,1002.8,1002.5,0.599999999999909,"mini_flash_crash",1768680502.3432703
882,1002.2,1002.8,1002.5,0.599999999999909,"mini_flash_crash",1768680502.3471515
883,1002.5,1003.4,1002.95,0.8999999999999773,"mini_flash_crash",1768680502.3501785
884,1002.8,1003,1002.9,0.20000000000004547,"mini_flash_crash",1768680502.353139
885,1002.8,1003,1002.9,0.20000000000004547,"mini_flash_crash",1768680502.3577588
886,1002.8,1002.9,1002.8499999999999,0.10000000000002274,"mini_flash_crash",1768680502.3605628
887,1002.8,1002.9,1002.8499999999999,0.10000000000002274,"mini_flash_crash",1768680502.3652525
888,1002.8,1002.9,1002.8499999999999,0.10000000000002274,"mini_flash_crash",1768680502.369971
889,1002.8,1002.9,1002.8499999999999,0.10000000000002274,"mini_flash_crash",1768680502.3774495
890,1001.6,1002.9,1002.25,1.2999999999999545,"mini_flash_crash",1768680502.3809786
891,1001.3,1002.9,1002.0999999999999,1.6000000000000227,"mini_flash_crash",1768680502.3841932
892,1001.8,1002.1,1001.95,0.3000000000000682,"mini_flash_crash",1768680502.3873656
893,1001.9,1003,1002.45,1.1000000000000227,"mini_flash_crash",1768680502.39022
894,1002.4,1002.6,1002.5,0.20000000000004547,"mini_flash_crash",1768680502.3936763
895,1002.1,1002.9,1002.5,0.7999999999999545,"mini_flash_crash",1768680502.397053
896,1002.2,1002.8,1002.5,0.599999999999909,"mini_flash_crash",1768680502.4001765
897,1001.6,1003.4,1002.5,1.7999999999999545,"mini_flash_crash",1768680502.4033988
898,1000.5,1004.5,1002.5,4,"mini_flash_crash",1768680502.4065003
899,1002.4,1002.5,1002.45,0.10000000000002274,"mini_flash_crash",1768680502.4098785
900,1002.4,1002.5,1002.45,0.10000000000002274,"mini_flash_crash",1768680502.4134061
901,1001.2,1002.5,1001.85,1.2999999999999545,"mini_flash_crash",1768680502.4187124
902,1001.5,1002.2,1001.85,0.7000000000000455,"mini_flash_crash",1768680502.4231048
903,1001.5,1002.2,1001.85,0.7000000000000455,"mini_flash_crash",1768680502.426787
904,1001.4,1002.3,1001.8499999999999,0.8999999999999773,"mini_flash_crash",1768680502.4294667
905,1001.5,1002.2,1001.85,0.7000000000000455,"mini_flash_crash",1768680502.4329526
906,999.6,1004.1,1001.85,4.5,"mini_flash_crash",1768680502.436473
907,1001,1002.7,1001.85,1.7000000000000455,"mini_flash_crash",1768680502.439548
908,1001.8,1002.2,1002,0.40000000000009095,"mini_flash_crash",1768680502.4434614
909,1001.8,1002.6,1002.2,0.8000000000000682,"mini_flash_crash",1768680502.4471636
910,1002.1,1002.3,1002.2,0.1999999999999318,"mini_flash_crash",1768680502.4509273
911,1002.2,1003,1002.6,0.7999999999999545,"mini_flash_crash",1768680502.4544618
912,1002.4,1002.8,1002.5999999999999,0.39999999999997726,"mini_flash_crash",1768680502.459302
913,1002.4,1002.8,1002.5999999999999,0.39999999999997726,"mini_flash_crash",1768680502.4618058
914,1002.6,1002.7,1002.6500000000001,0.10000000000002274,"mini_flash_crash",1768680502.4655955
915,1002.6,1002.8,1002.7,0.1999999999999318,"mini_flash_crash",1768680502.4687617
916,1002.5,1002.9,1002.7,0.39999999999997726,"mini_flash_crash",1768680502.4715164
917,1002.3,1002.7,1002.5,0.40000000000009095,"mini_flash_crash",1768680502.4747443
918,1002.4,1002.6,1002.5,0.20000000000004547,"mini_flash_crash",1768680502.477786
919,1002.4,1002.5,1002.45,0.10000000000002274,"mini_flash_crash",1768680502.481212
920,1002.2,1002.5,1002.35,0.2999999999999545,"mini_flash_crash",1768680502.4842403
921,1002.2,1002.5,1002.35,0.2999999999999545,"mini_flash_crash",1768680502.4878278
922,1002.2,1002.5,1002.35,0.2999999999999545,"mini_flash_crash",1768680502.4931521
923,1001.9,1002.5,1002.2,0.6000000000000227,"mini_flash_crash",1768680502.4971368
924,1002.2,1002.7,1002.45,0.5,"mini_flash_crash",1768680502.500176
925,1002.2,1002.7,1002.45,0.5,"mini_flash_crash",1768680502.5035062
926,1002.2,1002.7,1002.45,0.5,"mini_flash_crash",1768680502.5066884
927,1002.2,1002.7,1002.45,0.5,"mini_flash_crash",1768680502.5107512
928,1002.4,1002.7,1002.55,0.3000000000000682,"mini_flash_crash",1768680502.5142095
929,1002.4,1002.7,1002.55,0.3000000000000682,"mini_flash_crash",1768680502.518024
930,1002.2,1002.7,1002.45,0.5,"mini_flash_crash",1768680502.5213597
931,1002.2,1002.7,1002.45,0.5,"mini_flash_crash",1768680502.5244787
932,1000.6,1002.7,1001.6500000000001,2.1000000000000227,"mini_flash_crash",1768680502.527903
933,1001.4,1001.7,1001.55,0.3000000000000682,"mini_flash_crash",1768680502.5313022
934,1001.5,1001.7,1001.6,0.20000000000004547,"mini_flash_crash",1768680502.5338814
935,1001.3,1001.6,1001.45,0.3000000000000682,"mini_flash_crash",1768680502.5371454
936,1000.8,1001.6,1001.2,0.8000000000000682,"mini_flash_crash",1768680502.5403204
937,1000.7,1001.7,1001.2,1,"mini_flash_crash",1768680502.5433252
938,1000.6,1001.8,1001.2,1.1999999999999318,"mini_flash_crash",1768680502.5468047
939,1000.6,1001.8,1001.2,1.1999999999999318,"mini_flash_crash",1768680502.551009
940,999.9,1002.5,1001.2,2.6000000000000227,"mini_flash_crash",1768680502.5542307
941,1001.2,1001.5,1001.35,0.2999999999999545,"mini_flash_crash",1768680502.5578282
942,1001.2,1002,1001.6,0.7999999999999545,"mini_flash_crash",1768680502.56187
943,1001.2,1002,1001.6,0.7999999999999545,"mini_flash_crash",1768680502.5674858
944,1001.2,1001.6,1001.4000000000001,0.39999999999997726,"mini_flash_crash",1768680502.571915
945,1001.4,1001.6,1001.5,0.20000000000004547,"mini_flash_crash",1768680502.5751946
946,1001.4,1001.6,1001.5,0.20000000000004547,"mini_flash_crash",1768680502.579455
947,1001.4,1001.6,1001.5,0.20000000000004547,"mini_flash_crash",1768680502.5831878
948,1001.3,1001.5,1001.4,0.20000000000004547,"mini_flash_crash",1768680502.5876706
949,1001.3,1001.5,1001.4,0.20000000000004547,"mini_flash_crash",1768680502.591308
950,1001,1001.8,1001.4,0.7999999999999545,"mini_flash_crash",1768680502.5953882
951,1000.6,1002.2,1001.4000000000001,1.6000000000000227,"mini_flash_crash",1768680502.5984907
952,1000.9,1001.9,1001.4,1,"mini_flash_crash",1768680502.6016996
953,1000.9,1001.9,1001.4,1,"mini_flash_crash",1768680502.604997
954,1000.7,1001.4,1001.05,0.6999999999999318,"mini_flash_crash",1768680502.6079693
955,1000.6,1001.4,1001,0.7999999999999545,"mini_flash_crash",1768680502.610514
956,1000.6,1001.5,1001.05,0.8999999999999773,"mini_flash_crash",1768680502.613981
957,1000.6,1001.5,1001.05,0.8999999999999773,"mini_flash_crash",1768680502.6174142
958,1000.3,1001.8,1001.05,1.5,"mini_flash_crash",1768680502.6211662
959,999.6,1002.5,1001.05,2.8999999999999773,"mini_flash_crash",1768680502.6239004
960,1001,1002,1001.5,1,"mini_flash_crash",1768680502.6273637
961,1001.2,1001.8,1001.5,0.599999999999909,"mini_flash_crash",1768680502.6302695
962,1001.3,1001.7,1001.5,0.40000000000009095,"mini_flash_crash",1768680502.6340857
963,1001.3,1001.7,1001.5,0.40000000000009095,"mini_flash_crash",1768680502.6383917
964,1001.3,1001.7,1001.5,0.40000000000009095,"mini_flash_crash",1768680502.6435678
965,1001.4,1001.6,1001.5,0.20000000000004547,"mini_flash_crash",1768680502.64679
966,1001.4,1001.5,1001.45,0.10000000000002274,"mini_flash_crash",1768680502.6498017
967,1001.4,1001.5,1001.45,0.10000000000002274,"mini_flash_crash",1768680502.6537232
968,1001.4,1001.5,1001.45,0.10000000000002274,"mini_flash_crash",1768680502.656472
969,1001.4,1001.5,1001.45,0.10000000000002274,"mini_flash_crash",1768680502.6601608
970,1001.4,1001.9,1001.65,0.5,"mini_flash_crash",1768680502.6636221
971,1001.4,1002.2,1001.8,0.8000000000000682,"mini_flash_crash",1768680502.6665568
972,1000.7,1002.9,1001.8,2.199999999999932,"mini_flash_crash",1768680502.6712716
973,1000.6,1003,1001.8,2.3999999999999773,"mini_flash_crash",1768680502.6753387
974,1000.9,1002.7,1001.8,1.8000000000000682,"mini_flash_crash",1768680502.6783674
975,1001.8,1002.7,1002.25,0.900000000000091,"mini_flash_crash",1768680502.6822088
976,1002.1,1002.3,1002.2,0.1999999999999318,"mini_flash_crash",1768680502.686655
977,1002.1,1002.3,1002.2,0.1999999999999318,"mini_flash_crash",1768680502.690357
978,1002.1,1002.3,1002.2,0.1999999999999318,"mini_flash_crash",1768680502.693532
979,1001.8,1002.7,1002.25,0.900000000000091,"mini_flash_crash",1768680502.6972106
980,1002.1,1002.4,1002.25,0.2999999999999545,"mini_flash_crash",1768680502.700518
981,1001.9,1002.3,1002.0999999999999,0.39999999999997726,"mini_flash_crash",1768680502.7042315
982,1001.9,1002.3,1002.0999999999999,0.39999999999997726,"mini_flash_crash",1768680502.7075067
983,1001.9,1002.1,1002,0.20000000000004547,"mini_flash_crash",1768680502.71097
984,1000.7,1002.1,1001.4000000000001,1.3999999999999773,"mini_flash_crash",1768680502.7140884
985,1001.4,1001.6,1001.5,0.20000000000004547,"mini_flash_crash",1768680502.7184281
986,1001.4,1002.1,1001.75,0.7000000000000455,"mini_flash_crash",1768680502.7236094
987,1001.4,1002.1,1001.75,0.7000000000000455,"mini_flash_crash",1768680502.7289042
988,1001.5,1002,1001.75,0.5,"mini_flash_crash",1768680502.7332807
989,1001.4,1003.1,1002.25,1.7000000000000455,"mini_flash_crash",1768680502.7373176
990,1002.2,1002.4,1002.3,0.1999999999999318,"mini_flash_crash",1768680502.7404087
991,1002.2,1002.4,1002.3,0.1999999999999318,"mini_flash_crash",1768680502.7435296
992,1002.2,1002.4,1002.3,0.1999999999999318,"mini_flash_crash",1768680502.748334
993,1002.2,1002.4,1002.3,0.1999999999999318,"mini_flash_crash",1768680502.7527351
994,1001.7,1002.9,1002.3,1.1999999999999318,"mini_flash_crash",1768680502.7571254
995,1002.2,1002.4,1002.3,0.1999999999999318,"mini_flash_crash",1768680502.7600532
996,1002.1,1002.5,1002.3,0.39999999999997726,"mini_flash_crash",1768680502.7634895
997,1002.1,1002.5,1002.3,0.39999999999997726,"mini_flash_crash",1768680502.7667866
998,1002,1002.6,1002.3,0.6000000000000227,"mini_flash_crash",1768680502.7698796
999,1002,1002.6,1002.3,0.6000000000000227,"mini_flash_crash",1768680502.773909
1000,1002.2,1002.4,1002.3,0.1999999999999318,"mini_flash_crash",1768680502.7782893
1001,1000.7,1003.9,1002.3,3.199999999999932,"mini_flash_crash",1768680502.7820063
1002,1001.1,1003.5,1002.3,2.3999999999999773,"mini_flash_crash",1768680502.7852924
1003,1001.6,1003,1002.3,1.3999999999999773,"mini_flash_crash",1768680502.7887697
1004,1001.9,1002.7,1002.3,0.8000000000000682,"mini_flash_crash",1768680502.7934182
1005,1002,1002.6,1002.3,0.6000000000000227,"mini_flash_crash",1768680502.796205
1006,1001.4,1003.2,1002.3,1.8000000000000682,"mini_flash_crash",1768680502.7998466
1007,1002.1,1002.5,1002.3,0.39999999999997726,"mini_flash_crash",1768680502.8030982
1008,1001.9,1002.7,1002.3,0.8000000000000682,"mini_flash_crash",1768680502.806246
1009,1002,1002.3,1002.15,0.2999999999999545,"mini_flash_crash",1768680502.8092785
1010,1001.3,1002.3,1001.8,1,"mini_flash_crash",1768680502.8136902
1011,1001.3,1002.3,1001.8,1,"mini_flash_crash",1768680502.816613
1012,1001.5,1002.1,1001.8,0.6000000000000227,"mini_flash_crash",1768680502.8195915
1013,1001.3,1002.3,1001.8,1,"mini_flash_crash",1768680502.823384
1014,1001.3,1002.3,1001.8,1,"mini_flash_crash",1768680502.8273437
1015,1001.6,1002,1001.8,0.39999999999997726,"mini_flash_crash",1768680502.8303125
1016,1001.2,1002.3,1001.75,1.099999999999909,"mini_flash_crash",1768680502.8349333
1017,1000.8,1002.3,1001.55,1.5,"mini_flash_crash",1768680502.8390307
1018,1001.5,1001.7,1001.6,0.20000000000004547,"mini_flash_crash",1768680502.8450336
1019,1001.3,1001.9,1001.5999999999999,0.6000000000000227,"mini_flash_crash",1768680502.8491325
1020,1001.5,1001.7,1001.6,0.20000000000004547,"mini_flash_crash",1768680502.8523242
1021,1000.9,1001.6,1001.25,0.7000000000000455,"mini_flash_crash",1768680502.8553178
1022,999.9,1001.6,1000.75,1.7000000000000455,"mini_flash_crash",1768680502.8585272
1023,999.9,1001.6,1000.75,1.7000000000000455,"mini_flash_crash",1768680502.862255
1024,999.9,1001.6,1000.75,1.7000000000000455,"mini_flash_crash",1768680502.8651845
1025,1000.6,1000.9,1000.75,0.2999999999999545,"mini_flash_crash",1768680502.870251
1026,1000.6,1000.9,1000.75,0.2999999999999545,"mini_flash_crash",1768680502.874193
1027,1000.4,1001.1,1000.75,0.7000000000000455,"mini_flash_crash",1768680502.8775105
1028,1000.7,1000.9,1000.8,0.1999999999999318,"mini_flash_crash",1768680502.880423
1029,1000.3,1001.2,1000.75,0.900000000000091,"mini_flash_crash",1768680502.8833668
1030,999.9,1001.7,1000.8,1.8000000000000682,"mini_flash_crash",1768680502.8871217
1031,1000.6,1001,1000.8,0.39999999999997726,"mini_flash_crash",1768680502.8909335
1032,1000.7,1000.8,1000.75,0.09999999999990905,"mini_flash_crash",1768680502.894868
1033,999.7,1001.8,1000.75,2.099999999999909,"mini_flash_crash",1768680502.9000807
1034,1000.5,1000.8,1000.65,0.2999999999999545,"mini_flash_crash",1768680502.9036033
1035,1000.3,1001.2,1000.75,0.900000000000091,"mini_flash_crash",1768680502.9074616
1036,999.3,1002.2,1000.75,2.900000000000091,"mini_flash_crash",1768680502.9102607
1037,1000.4,1001.1,1000.75,0.7000000000000455,"mini_flash_crash",1768680502.9129386
1038,1000.7,1000.9,1000.8,0.1999999999999318,"mini_flash_crash",1768680502.916909
1039,1000.7,1001.1,1000.9000000000001,0.39999999999997726,"mini_flash_crash",1768680502.9210753
1040,1000.7,1000.9,1000.8,0.1999999999999318,"mini_flash_crash",1768680502.9242482
1041,1000.8,1000.9,1000.8499999999999,0.10000000000002274,"mini_flash_crash",1768680502.9278395
1042,1000.8,1000.9,1000.8499999999999,0.10000000000002274,"mini_flash_crash",1768680502.9317114
1043,1000.7,1000.9,1000.8,0.1999999999999318,"mini_flash_crash",1768680502.9344923
1044,1000.8,1000.9,1000.8499999999999,0.10000000000002274,"mini_flash_crash",1768680502.9385178
1045,1000.8,1001.6,1001.2,0.8000000000000682,"mini_flash_crash",1768680502.9433365
1046,1000.8,1001.6,1001.2,0.8000000000000682,"mini_flash_crash",1768680502.9462807
1047,1000.8,1001.8,1001.3,1,"mini_flash_crash",1768680502.9503543
1048,1000.8,1002.4,1001.5999999999999,1.6000000000000227,"mini_flash_crash",1768680502.953726
1049,1001.2,1002,1001.6,0.7999999999999545,"mini_flash_crash",1768680502.9571483
1050,1001.2,1002,1001.6,0.7999999999999545,"mini_flash_crash",1768680502.9603443
1051,1001,1002.2,1001.6,1.2000000000000455,"mini_flash_crash",1768680502.9631362
1052,1001.1,1002.1,1001.6,1,"mini_flash_crash",1768680502.9667125
1053,1001.2,1002,1001.6,0.7999999999999545,"mini_flash_crash",1768680502.9707212
1054,1001.2,1001.6,1001.4000000000001,0.39999999999997726,"mini_flash_crash",1768680502.9741414
1055,1001.4,1001.6,1001.5,0.20000000000004547,"mini_flash_crash",1768680502.9775305
1056,1001.4,1001.6,1001.5,0.20000000000004547,"mini_flash_crash",1768680502.9809768
1057,1001.4,1001.6,1001.5,0.20000000000004547,"mini_flash_crash",1768680502.9850945
1058,1001.5,1001.6,1001.55,0.10000000000002274,"mini_flash_crash",1768680502.9889233
1059,1001.5,1001.6,1001.55,0.10000000000002274,"mini_flash_crash",1768680502.9924896
1060,1001.4,1001.6,1001.5,0.20000000000004547,"mini_flash_crash",1768680502.9954038
1061,1001.4,1001.6,1001.5,0.20000000000004547,"mini_flash_crash",1768680502.998569
1062,1001.4,1001.6,1001.5,0.20000000000004547,"mini_flash_crash",1768680503.0018952
1063,1001.5,1002.6,1002.05,1.1000000000000227,"mini_flash_crash",1768680503.0055995
1064,1001.5,1003.6,1002.55,2.1000000000000227,"mini_flash_crash",1768680503.009492
1065,1002.2,1002.6,1002.4000000000001,0.39999999999997726,"mini_flash_crash",1768680503.013299
1066,1002.2,1002.6,1002.4000000000001,0.39999999999997726,"mini_flash_crash",1768680503.0184875
1067,1002.2,1002.6,1002.4000000000001,0.39999999999997726,"mini_flash_crash",1768680503.0215616
1068,1001.5,1003.8,1002.65,2.2999999999999545,"mini_flash_crash",1768680503.025245
1069,1002.6,1002.8,1002.7,0.1999999999999318,"mini_flash_crash",1768680503.02847
1070,1002.6,1002.9,1002.75,0.2999999999999545,"mini_flash_crash",1768680503.031769
1071,1002.6,1002.9,1002.75,0.2999999999999545,"mini_flash_crash",1768680503.036494
1072,1002.7,1002.9,1002.8,0.1999999999999318,"mini_flash_crash",1768680503.040344
1073,1002.6,1003.2,1002.9000000000001,0.6000000000000227,"mini_flash_crash",1768680503.0441465
1074,1002.7,1003.1,1002.9000000000001,0.39999999999997726,"mini_flash_crash",1768680503.048295
1075,1002.7,1003.1,1002.9000000000001,0.39999999999997726,"mini_flash_crash",1768680503.051502
1076,1002.8,1003,1002.9,0.20000000000004547,"mini_flash_crash",1768680503.0544596
1077,1002.6,1002.9,1002.75,0.2999999999999545,"mini_flash_crash",1768680503.0575447
1078,1002.6,1003.2,1002.9000000000001,0.6000000000000227,"mini_flash_crash",1768680503.0612965
1079,1002.6,1003.2,1002.9000000000001,0.6000000000000227,"mini_flash_crash",1768680503.0645907
1080,1002.6,1003.6,1003.1,1,"mini_flash_crash",1768680503.0684555
1081,1002.2,1003.6,1002.9000000000001,1.3999999999999773,"mini_flash_crash",1768680503.0717177
1082,1002.9,1005.2,1004.05,2.300000000000068,"mini_flash_crash",1768680503.0750499
1083,1003.7,1004.4,1004.05,0.6999999999999318,"mini_flash_crash",1768680503.0787873
1084,1003.9,1004.1,1004,0.20000000000004547,"mini_flash_crash",1768680503.0826514
1085,1004,1004.1,1004.05,0.10000000000002274,"mini_flash_crash",1768680503.0858684
1086,1004,1004.1,1004.05,0.10000000000002274,"mini_flash_crash",1768680503.0891974
1087,1003.6,1004.5,1004.05,0.8999999999999773,"mini_flash_crash",1768680503.094344
1088,1003.2,1004.9,1004.05,1.6999999999999318,"mini_flash_crash",1768680503.0974755
1089,1003.4,1004.1,1003.75,0.7000000000000455,"mini_flash_crash",1768680503.1003282
1090,1003.7,1003.9,1003.8,0.1999999999999318,"mini_flash_crash",1768680503.1044102
1091,1003.4,1004.1,1003.75,0.7000000000000455,"mini_flash_crash",1768680503.1083913
1092,1001.9,1004.1,1003,2.2000000000000455,"mini_flash_crash",1768680503.1113873
1093,1001.9,1004.1,1003,2.2000000000000455,"mini_flash_crash",1768680503.11484
1094,1002.1,1003.9,1003,1.7999999999999545,"mini_flash_crash",1768680503.118714
1095,1001.5,1004.1,1002.8,2.6000000000000227,"mini_flash_crash",1768680503.1222517
1096,1002.6,1003,1002.8,0.39999999999997726,"mini_flash_crash",1768680503.1257799
1097,1002.3,1002.8,1002.55,0.5,"mini_flash_crash",1768680503.1288166
1098,1002.4,1002.7,1002.55,0.3000000000000682,"mini_flash_crash",1768680503.1320667
1099,1002.5,1002.7,1002.6,0.20000000000004547,"mini_flash_crash",1768680503.1358798
1100,1002.5,1002.7,1002.6,0.20000000000004547,"mini_flash_crash",1768680503.1398408
1101,1002.5,1002.7,1002.6,0.20000000000004547,"mini_flash_crash",1768680503.1432219
1102,1001.7,1003.5,1002.6,1.7999999999999545,"mini_flash_crash",1768680503.1463158
1103,1001.7,1003.5,1002.6,1.7999999999999545,"mini_flash_crash",1768680503.1494439
1104,1001.7,1003.5,1002.6,1.7999999999999545,"mini_flash_crash",1768680503.1525903
1105,1002.3,1002.9,1002.5999999999999,0.6000000000000227,"mini_flash_crash",1768680503.1558032
1106,1001.7,1003.5,1002.6,1.7999999999999545,"mini_flash_crash",1768680503.1593738
1107,1001.5,1003.7,1002.6,2.2000000000000455,"mini_flash_crash",1768680503.1620216
1108,1002.4,1002.8,1002.5999999999999,0.39999999999997726,"mini_flash_crash",1768680503.1662598
1109,1002.5,1002.6,1002.55,0.10000000000002274,"mini_flash_crash",1768680503.171552
1110,1002,1003.2,1002.6,1.2000000000000455,"mini_flash_crash",1768680503.1757054
1111,1002.2,1003,1002.6,0.7999999999999545,"mini_flash_crash",1768680503.179285
1112,1002.1,1003.1,1002.6,1,"mini_flash_crash",1768680503.1822498
1113,1002.4,1002.8,1002.5999999999999,0.39999999999997726,"mini_flash_crash",1768680503.185134
1114,1002.4,1002.8,1002.5999999999999,0.39999999999997726,"mini_flash_crash",1768680503.1883295
1115,1002.3,1002.9,1002.5999999999999,0.6000000000000227,"mini_flash_crash",1768680503.191563
1116,1001.7,1003.5,1002.6,1.7999999999999545,"mini_flash_crash",1768680503.1948764
1117,1002,1003.2,1002.6,1.2000000000000455,"mini_flash_crash",1768680503.1984086
1118,1002,1003.2,1002.6,1.2000000000000455,"mini_flash_crash",1768680503.2022812
1119,1002.1,1003.1,1002.6,1,"mini_flash_crash",1768680503.2061636
1120,1002.6,1003.1,1002.85,0.5,"mini_flash_crash",1768680503.209089
1121,1002.6,1003.2,1002.9000000000001,0.6000000000000227,"mini_flash_crash",1768680503.2126484
1122,1002.8,1003,1002.9,0.20000000000004547,"mini_flash_crash",1768680503.215699
1123,1002.9,1003.3,1003.0999999999999,0.39999999999997726,"mini_flash_crash",1768680503.2189002
1124,1003,1003.2,1003.1,0.20000000000004547,"mini_flash_crash",1768680503.2222223
1125,1002.9,1004.4,1003.65,1.5,"mini_flash_crash",1768680503.2260752
1126,1003.6,1003.7,1003.6500000000001,0.10000000000002274,"mini_flash_crash",1768680503.2348027
1127,1003.6,1003.7,1003.6500000000001,0.10000000000002274,"mini_flash_crash",1768680503.2392952
1128,1003.6,1003.7,1003.6500000000001,0.10000000000002274,"mini_flash_crash",1768680503.2430103
1129,1003.6,1003.7,1003.6500000000001,0.10000000000002274,"mini_flash_crash",1768680503.2464767
1130,1003.6,1003.7,1003.6500000000001,0.10000000000002274,"mini_flash_crash",1768680503.2508867
1131,1003.6,1003.7,1003.6500000000001,0.10000000000002274,"mini_flash_crash",1768680503.2535422
1132,1003.6,1003.7,1003.6500000000001,0.10000000000002274,"mini_flash_crash",1768680503.2573464
1133,1003.6,1003.7,1003.6500000000001,0.10000000000002274,"mini_flash_crash",1768680503.2601347
1134,1003.6,1003.7,1003.6500000000001,0.10000000000002274,"mini_flash_crash",1768680503.263361
1135,1003.6,1003.7,1003.6500000000001,0.10000000000002274,"mini_flash_crash",1768680503.2665415
1136,1003.6,1003.7,1003.6500000000001,0.10000000000002274,"mini_flash_crash",1768680503.269682
1137,1003.6,1003.7,1003.6500000000001,0.10000000000002274,"mini_flash_crash",1768680503.2736983
1138,1003.6,1003.7,1003.6500000000001,0.10000000000002274,"mini_flash_crash",1768680503.2789242
1139,1003.6,1003.7,1003.6500000000001,0.10000000000002274,"mini_flash_crash",1768680503.2828934
1140,1003.6,1003.7,1003.6500000000001,0.10000000000002274,"mini_flash_crash",1768680503.2866166
1141,1003.6,1003.7,1003.6500000000001,0.10000000000002274,"mini_flash_crash",1768680503.289778
1142,1003.6,1004.4,1004,0.7999999999999545,"mini_flash_crash",1768680503.2932656
1143,1003.6,1004.6,1004.1,1,"mini_flash_crash",1768680503.298072
1144,1003.6,1004.7,1004.1500000000001,1.1000000000000227,"mini_flash_crash",1768680503.3016472
1145,1003.8,1004.2,1004,0.40000000000009095,"mini_flash_crash",1768680503.3055573
1146,1003.6,1004.4,1004,0.7999999999999545,"mini_flash_crash",1768680503.3083336
1147,1003.8,1004.2,1004,0.40000000000009095,"mini_flash_crash",1768680503.3121765
1148,1003.4,1004.6,1004,1.2000000000000455,"mini_flash_crash",1768680503.315721
1149,1003.7,1004.3,1004,0.599999999999909,"mini_flash_crash",1768680503.3206806
1150,1003.3,1004.7,1004,1.400000000000091,"mini_flash_crash",1768680503.3236892
1151,1003.3,1004.7,1004,1.400000000000091,"mini_flash_crash",1768680503.3274589
1152,1004,1004.5,1004.25,0.5,"mini_flash_crash",1768680503.331097
1153,1004,1004.3,1004.15,0.2999999999999545,"mini_flash_crash",1768680503.333796
1154,1003.1,1004.2,1003.6500000000001,1.1000000000000227,"mini_flash_crash",1768680503.337019
1155,1003.1,1004.2,1003.6500000000001,1.1000000000000227,"mini_flash_crash",1768680503.3398938
1156,1003.6,1003.8,1003.7,0.1999999999999318,"mini_flash_crash",1768680503.3436527
1157,1003.6,1003.8,1003.7,0.1999999999999318,"mini_flash_crash",1768680503.3472557
1158,1003.6,1003.8,1003.7,0.1999999999999318,"mini_flash_crash",1768680503.349955
1159,1003.5,1003.9,1003.7,0.39999999999997726,"mini_flash_crash",1768680503.3526864
1160,1003.3,1004.1,1003.7,0.8000000000000682,"mini_flash_crash",1768680503.3563404
1161,1003.4,1004,1003.7,0.6000000000000227,"mini_flash_crash",1768680503.359961
1162,1003.4,1004,1003.7,0.6000000000000227,"mini_flash_crash",1768680503.363002
1163,1003.6,1003.8,1003.7,0.1999999999999318,"mini_flash_crash",1768680503.366802
1164,1003.6,1003.8,1003.7,0.1999999999999318,"mini_flash_crash",1768680503.3703327
1165,1003.6,1003.8,1003.7,0.1999999999999318,"mini_flash_crash",1768680503.374075
1166,1003.6,1003.8,1003.7,0.1999999999999318,"mini_flash_crash",1768680503.3774986
1167,1002.8,1004.6,1003.7,1.8000000000000682,"mini_flash_crash",1768680503.3802054
1168,1002.8,1004.6,1003.7,1.8000000000000682,"mini_flash_crash",1768680503.3843622
1169,1003.4,1004,1003.7,0.6000000000000227,"mini_flash_crash",1768680503.3883877
1170,1003.4,1004,1003.7,0.6000000000000227,"mini_flash_crash",1768680503.3941185
1171,1003.4,1004,1003.7,0.6000000000000227,"mini_flash_crash",1768680503.3989122
1172,1003.6,1003.8,1003.7,0.1999999999999318,"mini_flash_crash",1768680503.40504
1173,1003.6,1003.8,1003.7,0.1999999999999318,"mini_flash_crash",1768680503.4093788
1174,1003.1,1003.7,1003.4000000000001,0.6000000000000227,"mini_flash_crash",1768680503.4142764
1175,1003.4,1003.7,1003.55,0.3000000000000682,"mini_flash_crash",1768680503.4178493
1176,1003.3,1003.6,1003.45,0.3000000000000682,"mini_flash_crash",1768680503.4255183
1177,1003.3,1003.6,1003.45,0.3000000000000682,"mini_flash_crash",1768680503.4300313
1178,1003.1,1003.8,1003.45,0.6999999999999318,"mini_flash_crash",1768680503.4338262
1179,1003.1,1003.8,1003.45,0.6999999999999318,"mini_flash_crash",1768680503.4373033
1180,1003.4,1003.8,1003.5999999999999,0.39999999999997726,"mini_flash_crash",1768680503.440834
1181,1003.3,1003.9,1003.5999999999999,0.6000000000000227,"mini_flash_crash",1768680503.4439492
1182,1003.3,1003.9,1003.5999999999999,0.6000000000000227,"mini_flash_crash",1768680503.4492037
1183,1003.3,1003.9,1003.5999999999999,0.6000000000000227,"mini_flash_crash",1768680503.4522617
1184,1003.3,1003.9,1003.5999999999999,0.6000000000000227,"mini_flash_crash",1768680503.4574761
1185,1003.3,1003.9,1003.5999999999999,0.6000000000000227,"mini_flash_crash",1768680503.460548
1186,1002.4,1004.8,1003.5999999999999,2.3999999999999773,"mini_flash_crash",1768680503.4637425
1187,1003.1,1004.1,1003.6,1,"mini_flash_crash",1768680503.467407
1188,1003.1,1004.1,1003.6,1,"mini_flash_crash",1768680503.4710789
1189,1002.6,1004.6,1003.6,2,"mini_flash_crash",1768680503.4776542
1190,1003.5,1003.7,1003.6,0.20000000000004547,"mini_flash_crash",1768680503.4805903
1191,1003.5,1003.7,1003.6,0.20000000000004547,"mini_flash_crash",1768680503.484754
1192,1003.5,1003.7,1003.6,0.20000000000004547,"mini_flash_crash",1768680503.4886093
1193,1003.5,1003.7,1003.6,0.20000000000004547,"mini_flash_crash",1768680503.4928925
1194,1003.5,1003.7,1003.6,0.20000000000004547,"mini_flash_crash",1768680503.496187
1195,1003.5,1003.7,1003.6,0.20000000000004547,"mini_flash_crash",1768680503.5001032
1196,1002.6,1004.6,1003.6,2,"mini_flash_crash",1768680503.5038242
1197,1003.5,1003.7,1003.6,0.20000000000004547,"mini_flash_crash",1768680503.5070066
1198,1003.5,1003.6,1003.55,0.10000000000002274,"mini_flash_crash",1768680503.5112514
1199,1003.3,1003.6,1003.45,0.3000000000000682,"mini_flash_crash",1768680503.5140035
1200,1003.3,1003.6,1003.45,0.3000000000000682,"mini_flash_crash",1768680503.5177236
1201,1003.3,1003.5,1003.4,0.20000000000004547,"mini_flash_crash",1768680503.5207984
1202,1003.3,1003.4,1003.3499999999999,0.10000000000002274,"mini_flash_crash",1768680503.5241277
1203,1003.3,1003.4,1003.3499999999999,0.10000000000002274,"mini_flash_crash",1768680503.5277174
1204,1002.3,1003.4,1002.8499999999999,1.1000000000000227,"mini_flash_crash",1768680503.5311117
1205,1002.2,1002.9,1002.55,0.6999999999999318,"mini_flash_crash",1768680503.5344865
1206,1001.9,1002.9,1002.4,1,"mini_flash_crash",1768680503.537464
1207,1002.4,1002.9,1002.65,0.5,"mini_flash_crash",1768680503.5405834
1208,1002.5,1002.8,1002.65,0.2999999999999545,"mini_flash_crash",1768680503.5443401
1209,1002.4,1004.2,1003.3,1.8000000000000682,"mini_flash_crash",1768680503.5473726
1210,1002.4,1004.7,1003.55,2.300000000000068,"mini_flash_crash",1768680503.5516522
1211,1002.7,1004.4,1003.55,1.6999999999999318,"mini_flash_crash",1768680503.5548341
1212,1003.5,1004.4,1003.95,0.8999999999999773,"mini_flash_crash",1768680503.5584648
1213,1003.9,1004.1,1004,0.20000000000004547,"mini_flash_crash",1768680503.5615876
1214,1003.9,1004.1,1004,0.20000000000004547,"mini_flash_crash",1768680503.5649743
1215,1003.7,1004.2,1003.95,0.5,"mini_flash_crash",1768680503.5681012
1216,1003.9,1004.2,1004.05,0.3000000000000682,"mini_flash_crash",1768680503.5721884
1217,1003.9,1004.4,1004.15,0.5,"mini_flash_crash",1768680503.5765421
1218,1003.9,1004.2,1004.05,0.3000000000000682,"mini_flash_crash",1768680503.5803776
1219,1003,1004.2,1003.6,1.2000000000000455,"mini_flash_crash",1768680503.5838583
1220,1003.3,1003.6,1003.45,0.3000000000000682,"mini_flash_crash",1768680503.5883536
1221,1003.2,1003.5,1003.35,0.2999999999999545,"mini_flash_crash",1768680503.5909944
1222,1003.2,1003.5,1003.35,0.2999999999999545,"mini_flash_crash",1768680503.5943956
1223,1003.3,1003.5,1003.4,0.20000000000004547,"mini_flash_crash",1768680503.5975363
1224,1003.1,1003.5,1003.3,0.39999999999997726,"mini_flash_crash",1768680503.6009185
1225,1003.3,1003.5,1003.4,0.20000000000004547,"mini_flash_crash",1768680503.604781
1226,1003.4,1003.5,1003.45,0.10000000000002274,"mini_flash_crash",1768680503.607399
1227,1003.4,1003.5,1003.45,0.10000000000002274,"mini_flash_crash",1768680503.6107948
