"step","bid","ask","mid","spread","scenario","timestamp"
0,0,0,0,0,"stressed_market",1768679919.6677852
1,997,1003,1000,6,"stressed_market",1768679919.6722832
2,997.4,1000,998.7,2.6000000000000227,"stressed_market",1768679919.675453
3,996.8,998.7,997.75,1.900000000000091,"stressed_market",1768679919.6787465
4,997.6,997.9,997.75,0.2999999999999545,"stressed_market",1768679919.6819417
5,997.6,997.9,997.75,0.2999999999999545,"stressed_market",1768679919.6863222
6,997.7,997.9,997.8,0.1999999999999318,"stressed_market",1768679919.6903882
7,997.6,997.9,997.75,0.2999999999999545,"stressed_market",1768679919.6930716
8,997.6,997.9,997.75,0.2999999999999545,"stressed_market",1768679919.6968315
9,994.9,997.8,996.3499999999999,2.8999999999999773,"stressed_market",1768679919.7002501
10,993.8,997.8,995.8,4,"stressed_market",1768679919.7038383
11,994.6,997,995.8,2.3999999999999773,"stressed_market",1768679919.707308
12,993.7,995.8,994.75,2.099999999999909,"stressed_market",1768679919.7099504
13,994.6,994.9,994.75,0.2999999999999545,"stressed_market",1768679919.7125893
14,992.3,995.8,994.05,3.5,"stressed_market",1768679919.7159097
15,992.2,995.8,994,3.599999999999909,"stressed_market",1768679919.7185585
16,993.6,994.4,994,0.7999999999999545,"stressed_market",1768679919.7212186
17,991.4,996.6,994,5.2000000000000455,"stressed_market",1768679919.7244518
18,992.4,995.6,994,3.2000000000000455,"stressed_market",1768679919.7271557
19,993.1,994.9,994,1.7999999999999545,"stressed_market",1768679919.7302582
20,993.1,994.9,994,1.7999999999999545,"stressed_market",1768679919.7352624
21,989.3,998.7,994,9.400000000000091,"stressed_market",1768679919.7382944
22,994,996.7,995.35,2.7000000000000455,"stressed_market",1768679919.7693832
23,995.3,998.3,996.8,3,"stressed_market",1768679919.7731166
24,995.5,998.1,996.8,2.6000000000000227,"stressed_market",1768679919.776293
25,996.7,996.9,996.8,0.1999999999999318,"stressed_market",1768679919.7788005
26,996.8,996.9,996.8499999999999,0.10000000000002274,"stressed_market",1768679919.7816408
27,996.8,997.6,997.2,0.8000000000000682,"stressed_market",1768679919.7870564
28,997.2,997.6,997.4000000000001,0.39999999999997726,"stressed_market",1768679919.79026
29,997.4,997.6,997.5,0.20000000000004547,"stressed_market",1768679919.7953632
30,997.4,997.6,997.5,0.20000000000004547,"stressed_market",1768679919.7985141
31,997.2,997.8,997.5,0.599999999999909,"stressed_market",1768679919.8011556
32,997.2,997.8,997.5,0.599999999999909,"stressed_market",1768679919.8052967
33,997.4,997.6,997.5,0.20000000000004547,"stressed_market",1768679919.809192
34,997.5,997.6,997.55,0.10000000000002274,"stressed_market",1768679919.812469
35,997.4,997.6,997.5,0.20000000000004547,"stressed_market",1768679919.816453
36,997.5,997.6,997.55,0.10000000000002274,"stressed_market",1768679919.8196652
37,997.5,997.6,997.55,0.10000000000002274,"stressed_market",1768679919.8228657
38,997.5,997.6,997.55,0.10000000000002274,"stressed_market",1768679919.8263366
39,997.1,998,997.55,0.8999999999999773,"stressed_market",1768679919.8289726
40,997.4,997.7,997.55,0.3000000000000682,"stressed_market",1768679919.8333557
41,995.9,999.2,997.55,3.300000000000068,"stressed_market",1768679919.8367827
42,997.2,997.9,997.55,0.6999999999999318,"stressed_market",1768679919.8410833
43,997.2,997.9,997.55,0.6999999999999318,"stressed_market",1768679919.8442345
44,997.5,997.6,997.55,0.10000000000002274,"stressed_market",1768679919.8476546
45,997.5,997.6,997.55,0.10000000000002274,"stressed_market",1768679919.8508904
46,994.6,997.6,996.1,3,"stressed_market",1768679919.8541806
47,995.7,996.5,996.1,0.7999999999999545,"stressed_market",1768679919.8572466
48,995.7,996.5,996.1,0.7999999999999545,"stressed_market",1768679919.8607106
49,995.7,996.1,995.9000000000001,0.39999999999997726,"stressed_market",1768679919.8641546
50,992.7,996.1,994.4000000000001,3.3999999999999773,"stressed_market",1768679919.8723938
51,992.7,996.1,994.4000000000001,3.3999999999999773,"stressed_market",1768679919.8750396
52,993,995.8,994.4,2.7999999999999545,"stressed_market",1768679919.8819118
53,993,995.8,994.4,2.7999999999999545,"stressed_market",1768679919.885174
54,992.6,996.2,994.4000000000001,3.6000000000000227,"stressed_market",1768679919.8877146
55,991.2,997.6,994.4000000000001,6.399999999999977,"stressed_market",1768679919.891134
56,994.4,997.5,995.95,3.1000000000000227,"stressed_market",1768679919.8950205
57,994.4,997.5,995.95,3.1000000000000227,"stressed_market",1768679919.8989031
58,995.2,996.7,995.95,1.5,"stressed_market",1768679919.9021192
59,994.4,999.8,997.0999999999999,5.399999999999977,"stressed_market",1768679919.9063685
60,996.6,997.6,997.1,1,"stressed_market",1768679919.9094126
61,994.7,999.5,997.1,4.7999999999999545,"stressed_market",1768679919.9133284
62,996,998.2,997.1,2.2000000000000455,"stressed_market",1768679919.9164872
63,995.6,998.6,997.1,3,"stressed_market",1768679919.9190388
64,995.8,997.1,996.45,1.3000000000000682,"stressed_market",1768679919.9225402
65,994.5,997.1,995.8,2.6000000000000227,"stressed_market",1768679919.9260027
66,995.1,996.5,995.8,1.3999999999999773,"stressed_market",1768679919.929452
67,994,997.1,995.55,3.1000000000000227,"stressed_market",1768679919.932302
68,994.8,996.3,995.55,1.5,"stressed_market",1768679919.9349158
69,995.2,995.6,995.4000000000001,0.39999999999997726,"stressed_market",1768679919.9394066
70,994.8,995.6,995.2,0.8000000000000682,"stressed_market",1768679919.9473972
71,993.1,995.6,994.35,2.5,"stressed_market",1768679919.9512672
72,994,994.7,994.35,0.7000000000000455,"stressed_market",1768679919.9551487
73,993.9,994.8,994.3499999999999,0.8999999999999773,"stressed_market",1768679919.9584873
74,993.9,994.8,994.3499999999999,0.8999999999999773,"stressed_market",1768679919.96142
75,992.4,996.3,994.3499999999999,3.8999999999999773,"stressed_market",1768679919.9660134
76,993.9,994.8,994.3499999999999,0.8999999999999773,"stressed_market",1768679919.9701955
77,994,994.7,994.35,0.7000000000000455,"stressed_market",1768679919.9739122
78,992.6,996.1,994.35,3.5,"stressed_market",1768679919.9785798
79,992.8,995.9,994.3499999999999,3.1000000000000227,"stressed_market",1768679919.9833999
80,991.3,997.4,994.3499999999999,6.100000000000023,"stressed_market",1768679919.9873786
81,990.9,997.8,994.3499999999999,6.899999999999977,"stressed_market",1768679919.99051
82,992,996.7,994.35,4.7000000000000455,"stressed_market",1768679919.9940362
83,993,995.7,994.35,2.7000000000000455,"stressed_market",1768679919.99786
84,994.3,995.2,994.75,0.900000000000091,"stressed_market",1768679920.0014408
85,991,998,994.5,7,"stressed_market",1768679920.0055263
86,991.7,997.3,994.5,5.599999999999909,"stressed_market",1768679920.0127168
87,993.4,995.6,994.5,2.2000000000000455,"stressed_market",1768679920.0161915
88,993.7,995.3,994.5,1.599999999999909,"stressed_market",1768679920.0204897
89,993.9,995.1,994.5,1.2000000000000455,"stressed_market",1768679920.0235715
90,994.3,994.7,994.5,0.40000000000009095,"stressed_market",1768679920.0272617
91,993.1,994.5,993.8,1.3999999999999773,"stressed_market",1768679920.0303404
92,992.1,995.5,993.8,3.3999999999999773,"stressed_market",1768679920.0349574
93,992.9,994.7,993.8,1.8000000000000682,"stressed_market",1768679920.0379534
94,992.6,995,993.8,2.3999999999999773,"stressed_market",1768679920.0420144
95,993.6,994,993.8,0.39999999999997726,"stressed_market",1768679920.0448813
96,993.8,994,993.9,0.20000000000004547,"stressed_market",1768679920.0480824
97,993.9,994.3,994.0999999999999,0.39999999999997726,"stressed_market",1768679920.0541885
98,993.9,994.4,994.15,0.5,"stressed_market",1768679920.0583582
99,993.9,995.8,994.8499999999999,1.8999999999999773,"stressed_market",1768679920.0614088
100,994.8,995.4,995.0999999999999,0.6000000000000227,"stressed_market",1768679920.0646477
101,994.3,995.4,994.8499999999999,1.1000000000000227,"stressed_market",1768679920.068611
102,994.7,995,994.85,0.2999999999999545,"stressed_market",1768679920.0723948
103,994.7,995,994.85,0.2999999999999545,"stressed_market",1768679920.0765162
104,994.4,994.9,994.65,0.5,"stressed_market",1768679920.080169
105,994.6,994.8,994.7,0.1999999999999318,"stressed_market",1768679920.0831466
106,993.2,994.9,994.05,1.6999999999999318,"stressed_market",1768679920.0873523
107,993.6,994.1,993.85,0.5,"stressed_market",1768679920.0914767
108,993.2,994.5,993.85,1.2999999999999545,"stressed_market",1768679920.0951846
109,993.2,994.5,993.85,1.2999999999999545,"stressed_market",1768679920.097811
110,992.1,995.6,993.85,3.5,"stressed_market",1768679920.102742
111,990.8,996.9,993.8499999999999,6.100000000000023,"stressed_market",1768679920.105801
112,992.7,995,993.85,2.2999999999999545,"stressed_market",1768679920.1092792
113,993,994.7,993.85,1.7000000000000455,"stressed_market",1768679920.113385
114,993.8,995.3,994.55,1.5,"stressed_market",1768679920.1201217
115,993.8,996.8,995.3,3,"stressed_market",1768679920.1243255
116,995.3,996.8,996.05,1.5,"stressed_market",1768679920.1281128
117,995.3,996.8,996.05,1.5,"stressed_market",1768679920.1311967
118,993.5,998.6,996.05,5.100000000000023,"stressed_market",1768679920.134537
119,993.7,998.4,996.05,4.699999999999932,"stressed_market",1768679920.1376538
120,995.5,996.1,995.8,0.6000000000000227,"stressed_market",1768679920.1423755
121,993.9,996.1,995,2.2000000000000455,"stressed_market",1768679920.145775
122,994.1,995.9,995,1.7999999999999545,"stressed_market",1768679920.1502485
123,995,995.6,995.3,0.6000000000000227,"stressed_market",1768679920.153259
124,995,995.6,995.3,0.6000000000000227,"stressed_market",1768679920.1564786
125,994.8,995.3,995.05,0.5,"stressed_market",1768679920.160332
126,994.8,995.3,995.05,0.5,"stressed_market",1768679920.1638362
127,995,995.3,995.15,0.2999999999999545,"stressed_market",1768679920.167287
128,995,995.3,995.15,0.2999999999999545,"stressed_market",1768679920.1730893
129,995.1,995.3,995.2,0.1999999999999318,"stressed_market",1768679920.176606
130,994.1,996.3,995.2,2.199999999999932,"stressed_market",1768679920.179844
131,993.9,996.5,995.2,2.6000000000000227,"stressed_market",1768679920.1836624
132,994.3,996.1,995.2,1.8000000000000682,"stressed_market",1768679920.1879704
133,994.7,995.7,995.2,1,"stressed_market",1768679920.1905568
134,994.7,995.7,995.2,1,"stressed_market",1768679920.1936488
135,991.8,998.6,995.2,6.800000000000068,"stressed_market",1768679920.1972165
136,992.3,998.1,995.2,5.800000000000068,"stressed_market",1768679920.2005286
137,992.3,998.1,995.2,5.800000000000068,"stressed_market",1768679920.20683
138,995.2,998,996.6,2.7999999999999545,"stressed_market",1768679920.2098088
139,996.6,996.8,996.7,0.1999999999999318,"stressed_market",1768679920.2157736
140,996.4,996.8,996.5999999999999,0.39999999999997726,"stressed_market",1768679920.219915
141,995.2,998.8,997,3.599999999999909,"stressed_market",1768679920.2231767
142,996.5,997.5,997,1,"stressed_market",1768679920.226716
143,996.5,997.5,997,1,"stressed_market",1768679920.2299745
144,995.3,997,996.15,1.7000000000000455,"stressed_market",1768679920.2330964
145,994.5,997,995.75,2.5,"stressed_market",1768679920.2369933
146,995.6,995.9,995.75,0.2999999999999545,"stressed_market",1768679920.241133
147,994.5,997,995.75,2.5,"stressed_market",1768679920.2447147
148,995.5,996,995.75,0.5,"stressed_market",1768679920.248185
149,994.1,997.4,995.75,3.2999999999999545,"stressed_market",1768679920.252314
150,994.4,997.1,995.75,2.7000000000000455,"stressed_market",1768679920.2558897
151,994.9,996.6,995.75,1.7000000000000455,"stressed_market",1768679920.2601383
152,993.5,998,995.75,4.5,"stressed_market",1768679920.264485
153,995.6,995.9,995.75,0.2999999999999545,"stressed_market",1768679920.2688372
154,993,998.5,995.75,5.5,"stressed_market",1768679920.2712712
155,994.1,997.4,995.75,3.2999999999999545,"stressed_market",1768679920.2751987
156,995.4,996.1,995.75,0.7000000000000455,"stressed_market",1768679920.277856
157,995.4,996.1,995.75,0.7000000000000455,"stressed_market",1768679920.2815022
158,995.6,995.9,995.75,0.2999999999999545,"stressed_market",1768679920.2845626
159,994.8,995.8,995.3,1,"stressed_market",1768679920.288256
160,994.3,995.3,994.8,1,"stressed_market",1768679920.2913582
161,993.6,995.3,994.45,1.6999999999999318,"stressed_market",1768679920.2941554
162,993.7,995.2,994.45,1.5,"stressed_market",1768679920.2980983
163,993.6,995.3,994.45,1.6999999999999318,"stressed_market",1768679920.3017619
164,993.6,995.3,994.45,1.6999999999999318,"stressed_market",1768679920.3059866
165,994.2,994.7,994.45,0.5,"stressed_market",1768679920.3095024
166,994.1,994.5,994.3,0.39999999999997726,"stressed_market",1768679920.3126786
167,993.6,994.5,994.05,0.8999999999999773,"stressed_market",1768679920.3165739
168,993.7,994.1,993.9000000000001,0.39999999999997726,"stressed_market",1768679920.3204608
169,993.8,994,993.9,0.20000000000004547,"stressed_market",1768679920.3235295
170,991,994.5,992.75,3.5,"stressed_market",1768679920.3268905
171,992.7,992.8,992.75,0.09999999999990905,"stressed_market",1768679920.3307707
172,992.7,992.8,992.75,0.09999999999990905,"stressed_market",1768679920.3351145
173,992.7,992.8,992.75,0.09999999999990905,"stressed_market",1768679920.3380477
174,991.9,993.6,992.75,1.7000000000000455,"stressed_market",1768679920.3408847
175,992.5,993,992.75,0.5,"stressed_market",1768679920.3440208
176,992.5,993,992.75,0.5,"stressed_market",1768679920.3474565
177,992.7,993.2,992.95,0.5,"stressed_market",1768679920.3505511
178,992.8,993.1,992.95,0.3000000000000682,"stressed_market",1768679920.3542206
179,992.7,993.7,993.2,1,"stressed_market",1768679920.3572252
180,992.8,993.6,993.2,0.8000000000000682,"stressed_market",1768679920.3614376
181,993,993.2,993.1,0.20000000000004547,"stressed_market",1768679920.3675847
182,993,993.1,993.05,0.10000000000002274,"stressed_market",1768679920.3713634
183,993,993.1,993.05,0.10000000000002274,"stressed_market",1768679920.3757043
184,993,993.1,993.05,0.10000000000002274,"stressed_market",1768679920.3791547
185,993,993.1,993.05,0.10000000000002274,"stressed_market",1768679920.382313
186,992.7,993.1,992.9000000000001,0.39999999999997726,"stressed_market",1768679920.3855448
187,991.5,993.1,992.3,1.6000000000000227,"stressed_market",1768679920.38837
188,991.6,993,992.3,1.3999999999999773,"stressed_market",1768679920.3917315
189,991.6,993,992.3,1.3999999999999773,"stressed_market",1768679920.3949692
190,992.3,993.5,992.9,1.2000000000000455,"stressed_market",1768679920.3982427
191,991.5,994.3,992.9,2.7999999999999545,"stressed_market",1768679920.4008026
192,988.9,996.9,992.9,8,"stressed_market",1768679920.4037285
193,990.3,995.5,992.9,5.2000000000000455,"stressed_market",1768679920.407198
194,992.9,995.3,994.0999999999999,2.3999999999999773,"stressed_market",1768679920.4104419
195,993.6,994.6,994.1,1,"stressed_market",1768679920.4141738
196,993,995.2,994.1,2.2000000000000455,"stressed_market",1768679920.417903
197,992.3,995.9,994.0999999999999,3.6000000000000227,"stressed_market",1768679920.421305
198,992.9,995.3,994.0999999999999,2.3999999999999773,"stressed_market",1768679920.424405
199,991.7,996.5,994.1,4.7999999999999545,"stressed_market",1768679920.4272292
200,991.7,996.5,994.1,4.7999999999999545,"stressed_market",1768679920.430833
201,994.1,997.7,995.9000000000001,3.6000000000000227,"stressed_market",1768679920.4373672
202,994.1,999.1,996.6,5,"stressed_market",1768679920.4404511
203,996.2,997,996.6,0.7999999999999545,"stressed_market",1768679920.4435277
204,996.2,997,996.6,0.7999999999999545,"stressed_market",1768679920.447379
205,996,997.2,996.6,1.2000000000000455,"stressed_market",1768679920.4511824
206,995.5,997.7,996.6,2.2000000000000455,"stressed_market",1768679920.454325
207,995.4,997.8,996.5999999999999,2.3999999999999773,"stressed_market",1768679920.4577787
208,995.4,997.8,996.5999999999999,2.3999999999999773,"stressed_market",1768679920.4611776
209,993.3,999.9,996.5999999999999,6.600000000000023,"stressed_market",1768679920.4652996
210,994,999.2,996.6,5.2000000000000455,"stressed_market",1768679920.4695938
211,995.7,997.5,996.6,1.7999999999999545,"stressed_market",1768679920.4725778
212,995.7,997.5,996.6,1.7999999999999545,"stressed_market",1768679920.4760258
213,995.7,996.6,996.1500000000001,0.8999999999999773,"stressed_market",1768679920.4793785
214,995.1,996.2,995.6500000000001,1.1000000000000227,"stressed_market",1768679920.482508
215,995.6,995.7,995.6500000000001,0.10000000000002274,"stressed_market",1768679920.4857707
216,995.6,995.7,995.6500000000001,0.10000000000002274,"stressed_market",1768679920.4925833
217,995.6,995.7,995.6500000000001,0.10000000000002274,"stressed_market",1768679920.496773
218,995.6,995.7,995.6500000000001,0.10000000000002274,"stressed_market",1768679920.5002882
219,995.6,995.7,995.6500000000001,0.10000000000002274,"stressed_market",1768679920.5038054
220,995.6,995.7,995.6500000000001,0.10000000000002274,"stressed_market",1768679920.5069492
221,995.6,995.7,995.6500000000001,0.10000000000002274,"stressed_market",1768679920.5101511
222,995.6,995.7,995.6500000000001,0.10000000000002274,"stressed_market",1768679920.513833
223,995.6,995.7,995.6500000000001,0.10000000000002274,"stressed_market",1768679920.5192704
224,995.6,995.7,995.6500000000001,0.10000000000002274,"stressed_market",1768679920.5229108
225,995.6,995.7,995.6500000000001,0.10000000000002274,"stressed_market",1768679920.5264707
226,995.6,995.7,995.6500000000001,0.10000000000002274,"stressed_market",1768679920.5314674
227,995.6,995.7,995.6500000000001,0.10000000000002274,"stressed_market",1768679920.536409
228,993.8,995.7,994.75,1.900000000000091,"stressed_market",1768679920.5417268
229,994.3,995.2,994.75,0.900000000000091,"stressed_market",1768679920.5473235
230,993.8,995.7,994.75,1.900000000000091,"stressed_market",1768679920.5524802
231,994.7,998.7,996.7,4,"stressed_market",1768679920.5580432
232,996.3,996.7,996.5,0.40000000000009095,"stressed_market",1768679920.5623376
233,994.4,996.7,995.55,2.300000000000068,"stressed_market",1768679920.565469
234,994.6,996.5,995.55,1.8999999999999773,"stressed_market",1768679920.5712552
235,995.5,995.7,995.6,0.20000000000004547,"stressed_market",1768679920.5763912
236,994.2,996.9,995.55,2.699999999999932,"stressed_market",1768679920.5792942
237,995.1,996,995.55,0.8999999999999773,"stressed_market",1768679920.582563
238,994.7,996.4,995.55,1.6999999999999318,"stressed_market",1768679920.5861948
239,995.1,996,995.55,0.8999999999999773,"stressed_market",1768679920.5891783
240,993.4,997.7,995.55,4.300000000000068,"stressed_market",1768679920.5920947
241,994.7,996.4,995.55,1.6999999999999318,"stressed_market",1768679920.595718
242,994.9,995.6,995.25,0.7000000000000455,"stressed_market",1768679920.6011696
243,994.7,995.6,995.1500000000001,0.8999999999999773,"stressed_market",1768679920.6043708
244,992.3,995.6,993.95,3.300000000000068,"stressed_market",1768679920.6086113
245,992.4,995.5,993.95,3.1000000000000227,"stressed_market",1768679920.6122444
246,993.9,994,993.95,0.10000000000002274,"stressed_market",1768679920.6162882
247,993.9,994,993.95,0.10000000000002274,"stressed_market",1768679920.6207378
248,993.2,994,993.6,0.7999999999999545,"stressed_market",1768679920.6236808
249,993.2,994,993.6,0.7999999999999545,"stressed_market",1768679920.6298769
250,993.1,993.6,993.35,0.5,"stressed_market",1768679920.6350942
251,992.7,994,993.35,1.2999999999999545,"stressed_market",1768679920.6388373
252,992.7,993.4,993.05,0.6999999999999318,"stressed_market",1768679920.6419864
253,992.5,993.4,992.95,0.8999999999999773,"stressed_market",1768679920.645019
254,991.9,993.4,992.65,1.5,"stressed_market",1768679920.6481657
255,992.5,992.8,992.65,0.2999999999999545,"stressed_market",1768679920.6514833
256,992.5,992.8,992.65,0.2999999999999545,"stressed_market",1768679920.655313
257,989,996.3,992.65,7.2999999999999545,"stressed_market",1768679920.66053
258,992.6,992.8,992.7,0.1999999999999318,"stressed_market",1768679920.6662123
259,990,995.4,992.7,5.399999999999977,"stressed_market",1768679920.6694698
260,989.5,995.9,992.7,6.399999999999977,"stressed_market",1768679920.6722085
261,992.2,993.2,992.7,1,"stressed_market",1768679920.6755612
262,991,994.4,992.7,3.3999999999999773,"stressed_market",1768679920.6787858
263,992.6,992.7,992.6500000000001,0.10000000000002274,"stressed_market",1768679920.682265
264,992.6,992.7,992.6500000000001,0.10000000000002274,"stressed_market",1768679920.6878073
265,992.6,992.7,992.6500000000001,0.10000000000002274,"stressed_market",1768679920.6919532
266,992.6,992.8,992.7,0.1999999999999318,"stressed_market",1768679920.6955855
267,992.6,992.8,992.7,0.1999999999999318,"stressed_market",1768679920.698064
268,992.6,992.8,992.7,0.1999999999999318,"stressed_market",1768679920.7025936
269,992.1,993.3,992.7,1.1999999999999318,"stressed_market",1768679920.705576
270,992.7,993.3,993,0.599999999999909,"stressed_market",1768679920.7091918
271,992.7,993,992.85,0.2999999999999545,"stressed_market",1768679920.7143075
272,990.1,993,991.55,2.8999999999999773,"stressed_market",1768679920.7190895
273,990.1,995.1,992.6,5,"stressed_market",1768679920.7293522
274,990.7,992.6,991.6500000000001,1.8999999999999773,"stressed_market",1768679920.7322855
275,990.7,994.4,992.55,3.699999999999932,"stressed_market",1768679920.7357314
276,990.6,994.5,992.55,3.8999999999999773,"stressed_market",1768679920.7387998
277,990.3,994.8,992.55,4.5,"stressed_market",1768679920.741909
278,990.7,992.6,991.6500000000001,1.8999999999999773,"stressed_market",1768679920.7452476
279,991.3,992,991.65,0.7000000000000455,"stressed_market",1768679920.748696
280,991.3,991.7,991.5,0.40000000000009095,"stressed_market",1768679920.7516987
281,991.4,991.6,991.5,0.20000000000004547,"stressed_market",1768679920.7562754
282,991.1,991.9,991.5,0.7999999999999545,"stressed_market",1768679920.7594645
283,990.7,991.5,991.1,0.7999999999999545,"stressed_market",1768679920.7632241
284,990.2,991.5,990.85,1.2999999999999545,"stressed_market",1768679920.7662964
285,990.7,991,990.85,0.2999999999999545,"stressed_market",1768679920.7691615
286,990.7,991,990.85,0.2999999999999545,"stressed_market",1768679920.7722616
287,990.4,991.3,990.8499999999999,0.8999999999999773,"stressed_market",1768679920.7755904
288,990.4,991.3,990.8499999999999,0.8999999999999773,"stressed_market",1768679920.7788565
289,990.4,991.3,990.8499999999999,0.8999999999999773,"stressed_market",1768679920.7813528
290,988.6,990.9,989.75,2.2999999999999545,"stressed_market",1768679920.784561
291,989.2,990.3,989.75,1.099999999999909,"stressed_market",1768679920.788444
292,989.2,989.8,989.5,0.599999999999909,"stressed_market",1768679920.792177
293,985.8,989.8,987.8,4,"stressed_market",1768679920.7958415
294,985.7,989.8,987.75,4.099999999999909,"stressed_market",1768679920.799196
295,987.7,989.3,988.5,1.599999999999909,"stressed_market",1768679920.8019495
296,987.7,989.3,988.5,1.599999999999909,"stressed_market",1768679920.8052132
297,987.7,988.5,988.1,0.7999999999999545,"stressed_market",1768679920.8082445
298,987.7,988.5,988.1,0.7999999999999545,"stressed_market",1768679920.812132
299,988.1,989.8,988.95,1.6999999999999318,"stressed_market",1768679920.8166065
300,988.3,989.6,988.95,1.3000000000000682,"stressed_market",1768679920.82039
301,988.9,989.6,989.25,0.7000000000000455,"stressed_market",1768679920.8234122
302,988.9,990.2,989.55,1.3000000000000682,"stressed_market",1768679920.8267338
303,988.1,991.2,989.6500000000001,3.1000000000000227,"stressed_market",1768679920.8328915
304,988.1,993.1,990.6,5,"stressed_market",1768679920.836675
305,990.6,991.6,991.1,1,"stressed_market",1768679920.839232
306,990.6,993.4,992,2.7999999999999545,"stressed_market",1768679920.8430388
307,991.6,992.4,992,0.7999999999999545,"stressed_market",1768679920.8461714
308,992,992.7,992.35,0.7000000000000455,"stressed_market",1768679920.8492854
309,992,992.8,992.4,0.7999999999999545,"stressed_market",1768679920.8526125
310,990.7,994.1,992.4000000000001,3.3999999999999773,"stressed_market",1768679920.8559196
311,990.6,994.2,992.4000000000001,3.6000000000000227,"stressed_market",1768679920.859095
312,991.7,993.1,992.4000000000001,1.3999999999999773,"stressed_market",1768679920.8623421
313,991.9,992.9,992.4,1,"stressed_market",1768679920.867382
314,991.7,993.1,992.4000000000001,1.3999999999999773,"stressed_market",1768679920.8757572
315,989.3,995.5,992.4,6.2000000000000455,"stressed_market",1768679920.880267
316,990,994.8,992.4,4.7999999999999545,"stressed_market",1768679920.8830478
317,989.9,994.9,992.4,5,"stressed_market",1768679920.8862514
318,991.3,993.5,992.4,2.2000000000000455,"stressed_market",1768679920.890258
319,990.2,994.6,992.4000000000001,4.399999999999977,"stressed_market",1768679920.893109
320,992.1,992.7,992.4000000000001,0.6000000000000227,"stressed_market",1768679920.8961592
321,992.1,992.7,992.4000000000001,0.6000000000000227,"stressed_market",1768679920.899304
322,991.8,993,992.4,1.2000000000000455,"stressed_market",1768679920.9025404
323,990,994.8,992.4,4.7999999999999545,"stressed_market",1768679920.9051464
324,991,993.8,992.4,2.7999999999999545,"stressed_market",1768679920.908533
325,991,992.4,991.7,1.3999999999999773,"stressed_market",1768679920.9124532
326,989,994.5,991.75,5.5,"stressed_market",1768679920.915543
327,991.5,992,991.75,0.5,"stressed_market",1768679920.9191363
328,991.5,992,991.75,0.5,"stressed_market",1768679920.9217196
329,991.7,991.9,991.8,0.1999999999999318,"stressed_market",1768679920.9257581
330,991.8,991.9,991.8499999999999,0.10000000000002274,"stressed_market",1768679920.931692
331,991.8,991.9,991.8499999999999,0.10000000000002274,"stressed_market",1768679920.9349155
332,991.7,991.9,991.8,0.1999999999999318,"stressed_market",1768679920.9379487
333,990.5,991.9,991.2,1.3999999999999773,"stressed_market",1768679920.9412313
334,990.7,991.7,991.2,1,"stressed_market",1768679920.9445221
335,987.5,991.9,989.7,4.399999999999977,"stressed_market",1768679920.9474554
336,989,990.4,989.7,1.3999999999999773,"stressed_market",1768679920.9514203
337,989.5,989.9,989.7,0.39999999999997726,"stressed_market",1768679920.954176
338,989,990.4,989.7,1.3999999999999773,"stressed_market",1768679920.957327
339,989.1,990.3,989.7,1.1999999999999318,"stressed_market",1768679920.9599643
340,989.7,990.9,990.3,1.1999999999999318,"stressed_market",1768679920.963169
341,990.3,993.5,991.9,3.2000000000000455,"stressed_market",1768679920.9668603
342,990.3,993.5,991.9,3.2000000000000455,"stressed_market",1768679920.9710045
343,991.9,992.3,992.0999999999999,0.39999999999997726,"stressed_market",1768679920.973918
344,991.9,992.4,992.15,0.5,"stressed_market",1768679920.9768856
345,991,993.2,992.1,2.2000000000000455,"stressed_market",1768679920.9818833
346,990.3,993.9,992.0999999999999,3.6000000000000227,"stressed_market",1768679920.9844396
347,992.1,995,993.55,2.8999999999999773,"stressed_market",1768679920.987853
348,992.4,994.7,993.55,2.300000000000068,"stressed_market",1768679920.9922063
349,993.2,993.9,993.55,0.6999999999999318,"stressed_market",1768679920.995623
350,993.1,994,993.55,0.8999999999999773,"stressed_market",1768679920.998199
351,992.1,995.4,993.75,3.2999999999999545,"stressed_market",1768679921.0007644
352,993.1,994.4,993.75,1.2999999999999545,"stressed_market",1768679921.004031
353,993.1,994.4,993.75,1.2999999999999545,"stressed_market",1768679921.007743
354,993.3,994.2,993.75,0.900000000000091,"stressed_market",1768679921.0111823
355,993.1,994.4,993.75,1.2999999999999545,"stressed_market",1768679921.0144618
356,993.7,994.4,994.05,0.6999999999999318,"stressed_market",1768679921.0175009
357,992.8,994.1,993.45,1.3000000000000682,"stressed_market",1768679921.0220487
358,992.4,994.5,993.45,2.1000000000000227,"stressed_market",1768679921.0265152
359,993.4,993.6,993.5,0.20000000000004547,"stressed_market",1768679921.030388
360,993.4,993.6,993.5,0.20000000000004547,"stressed_market",1768679921.0335865
361,993.4,993.6,993.5,0.20000000000004547,"stressed_market",1768679921.0374353
362,993.4,993.6,993.5,0.20000000000004547,"stressed_market",1768679921.0407517
363,993.2,993.8,993.5,0.599999999999909,"stressed_market",1768679921.043895
364,992.8,994.2,993.5,1.400000000000091,"stressed_market",1768679921.048058
365,992.8,994.2,993.5,1.400000000000091,"stressed_market",1768679921.0513976
366,992.8,994.2,993.5,1.400000000000091,"stressed_market",1768679921.0571187
367,992.8,994.2,993.5,1.400000000000091,"stressed_market",1768679921.0621035
368,992.7,994.3,993.5,1.599999999999909,"stressed_market",1768679921.0696995
369,992.6,994.4,993.5,1.7999999999999545,"stressed_market",1768679921.079526
370,992.1,994.9,993.5,2.7999999999999545,"stressed_market",1768679921.083568
371,993.4,993.5,993.45,0.10000000000002274,"stressed_market",1768679921.0880623
372,991.5,993.5,992.5,2,"stressed_market",1768679921.093483
373,991.5,993.5,992.5,2,"stressed_market",1768679921.0966506
374,991.5,994.1,992.8,2.6000000000000227,"stressed_market",1768679921.0998063
375,990.1,995.5,992.8,5.399999999999977,"stressed_market",1768679921.105207
376,989,992.8,990.9,3.7999999999999545,"stressed_market",1768679921.1083689
377,990.9,992.1,991.5,1.2000000000000455,"stressed_market",1768679921.113249
378,990.9,992.8,991.8499999999999,1.8999999999999773,"stressed_market",1768679921.1159632
379,990.9,992.8,991.8499999999999,1.8999999999999773,"stressed_market",1768679921.119707
380,991.8,992.1,991.95,0.3000000000000682,"stressed_market",1768679921.1244879
381,991.8,992,991.9,0.20000000000004547,"stressed_market",1768679921.1281962
382,991.8,992,991.9,0.20000000000004547,"stressed_market",1768679921.1311471
383,991.8,992,991.9,0.20000000000004547,"stressed_market",1768679921.1353142
384,990.9,992.9,991.9,2,"stressed_market",1768679921.1378179
385,991.3,992.5,991.9,1.2000000000000455,"stressed_market",1768679921.142703
386,990.9,995.4,993.15,4.5,"stressed_market",1768679921.1465425
387,990.9,995.6,993.25,4.7000000000000455,"stressed_market",1768679921.1498353
388,993.2,994.6,993.9000000000001,1.3999999999999773,"stressed_market",1768679921.15423
389,993.9,994.6,994.25,0.7000000000000455,"stressed_market",1768679921.157276
390,993.9,996.1,995,2.2000000000000455,"stressed_market",1768679921.1607687
391,993.9,996.1,995,2.2000000000000455,"stressed_market",1768679921.1636987
392,993.1,995,994.05,1.8999999999999773,"stressed_market",1768679921.167148
393,993.9,994.1,994,0.20000000000004547,"stressed_market",1768679921.171256
394,992.4,994.1,993.25,1.7000000000000455,"stressed_market",1768679921.1763399
395,992.6,993.3,992.95,0.6999999999999318,"stressed_market",1768679921.1814349
396,989.8,993.3,991.55,3.5,"stressed_market",1768679921.184947
397,990.9,992.2,991.55,1.3000000000000682,"stressed_market",1768679921.1903565
398,990.1,993,991.55,2.8999999999999773,"stressed_market",1768679921.1929295
399,991.3,991.8,991.55,0.5,"stressed_market",1768679921.1963058
400,990.1,993,991.55,2.8999999999999773,"stressed_market",1768679921.1994665
401,991.5,991.7,991.6,0.20000000000004547,"stressed_market",1768679921.2026913
402,991.5,991.7,991.6,0.20000000000004547,"stressed_market",1768679921.20582
403,991.5,991.7,991.6,0.20000000000004547,"stressed_market",1768679921.2100933
404,991.1,992.1,991.6,1,"stressed_market",1768679921.2141097
405,991.3,991.9,991.5999999999999,0.6000000000000227,"stressed_market",1768679921.2179413
406,991.5,991.7,991.6,0.20000000000004547,"stressed_market",1768679921.2220898
407,991.5,991.7,991.6,0.20000000000004547,"stressed_market",1768679921.2250686
408,991,992.2,991.6,1.2000000000000455,"stressed_market",1768679921.2280085
409,990.7,992.5,991.6,1.7999999999999545,"stressed_market",1768679921.2318788
410,990.5,991.6,991.05,1.1000000000000227,"stressed_market",1768679921.2357256
411,989,991.1,990.05,2.1000000000000227,"stressed_market",1768679921.2393415
412,990,990.2,990.1,0.20000000000004547,"stressed_market",1768679921.242191
413,989,990.1,989.55,1.1000000000000227,"stressed_market",1768679921.2456594
414,989,990.1,989.55,1.1000000000000227,"stressed_market",1768679921.248809
415,989,990.1,989.55,1.1000000000000227,"stressed_market",1768679921.252043
416,988.5,990.1,989.3,1.6000000000000227,"stressed_market",1768679921.2555356
417,988.5,990.1,989.3,1.6000000000000227,"stressed_market",1768679921.259276
418,989.2,989.4,989.3,0.1999999999999318,"stressed_market",1768679921.2628074
419,989.2,989.4,989.3,0.1999999999999318,"stressed_market",1768679921.265733
420,989.2,989.4,989.3,0.1999999999999318,"stressed_market",1768679921.269837
421,989.2,989.4,989.3,0.1999999999999318,"stressed_market",1768679921.273781
422,986.7,991.9,989.3,5.199999999999932,"stressed_market",1768679921.2791214
423,988.1,990.5,989.3,2.3999999999999773,"stressed_market",1768679921.2824643
424,987.7,990.9,989.3,3.199999999999932,"stressed_market",1768679921.2856207
425,989.2,989.3,989.25,0.09999999999990905,"stressed_market",1768679921.289137
426,989.2,989.4,989.3,0.1999999999999318,"stressed_market",1768679921.2918253
427,989.3,990.5,989.9,1.2000000000000455,"stressed_market",1768679921.2957313
428,989.3,990.6,989.95,1.3000000000000682,"stressed_market",1768679921.299565
429,989.3,990,989.65,0.7000000000000455,"stressed_market",1768679921.3020906
430,989.3,989.7,989.5,0.40000000000009095,"stressed_market",1768679921.305522
431,989.3,989.7,989.5,0.40000000000009095,"stressed_market",1768679921.3085043
432,989.3,989.7,989.5,0.40000000000009095,"stressed_market",1768679921.3122325
433,989.3,989.7,989.5,0.40000000000009095,"stressed_market",1768679921.3154302
434,987.4,990,988.7,2.6000000000000227,"stressed_market",1768679921.318457
435,988.7,989.2,988.95,0.5,"stressed_market",1768679921.3218763
436,988.7,989,988.85,0.2999999999999545,"stressed_market",1768679921.3252802
437,988.8,989,988.9,0.20000000000004547,"stressed_market",1768679921.3287323
438,988.7,989.7,989.2,1,"stressed_market",1768679921.3317523
439,988.2,989.7,988.95,1.5,"stressed_market",1768679921.3377185
440,988.9,991.2,990.05,2.300000000000068,"stressed_market",1768679921.3418436
441,989.6,990.1,989.85,0.5,"stressed_market",1768679921.3452966
442,989.5,990.1,989.8,0.6000000000000227,"stressed_market",1768679921.34838
443,989.5,990.1,989.8,0.6000000000000227,"stressed_market",1768679921.3515267
444,985.5,990.1,987.8,4.600000000000023,"stressed_market",1768679921.355186
445,987.6,988,987.8,0.39999999999997726,"stressed_market",1768679921.3583562
446,987.8,989.7,988.75,1.900000000000091,"stressed_market",1768679921.3626835
447,987.8,989.7,988.75,1.900000000000091,"stressed_market",1768679921.365983
448,987.8,990.9,989.3499999999999,3.1000000000000227,"stressed_market",1768679921.370616
449,989.3,990.4,989.8499999999999,1.1000000000000227,"stressed_market",1768679921.3749883
450,989.3,990.4,989.8499999999999,1.1000000000000227,"stressed_market",1768679921.3786967
451,989.5,990.2,989.85,0.7000000000000455,"stressed_market",1768679921.3824975
452,989.5,990.2,989.85,0.7000000000000455,"stressed_market",1768679921.3853626
453,989.5,990.2,989.85,0.7000000000000455,"stressed_market",1768679921.391162
454,988,991.7,989.85,3.7000000000000455,"stressed_market",1768679921.3943238
455,989.7,989.9,989.8,0.1999999999999318,"stressed_market",1768679921.3981614
456,988.3,989.9,989.0999999999999,1.6000000000000227,"stressed_market",1768679921.4023285
457,989.1,989.2,989.1500000000001,0.10000000000002274,"stressed_market",1768679921.4064336
458,989.1,991,990.05,1.8999999999999773,"stressed_market",1768679921.4094975
459,989.6,990.5,990.05,0.8999999999999773,"stressed_market",1768679921.4120913
460,989.1,992.4,990.75,3.2999999999999545,"stressed_market",1768679921.4151952
461,989.9,991.6,990.75,1.7000000000000455,"stressed_market",1768679921.4188077
462,989.1,992.5,990.8,3.3999999999999773,"stressed_market",1768679921.4213316
463,989.1,993.2,991.1500000000001,4.100000000000023,"stressed_market",1768679921.4240904
464,990.3,992,991.15,1.7000000000000455,"stressed_market",1768679921.427935
465,990.5,991.8,991.15,1.2999999999999545,"stressed_market",1768679921.4312203
466,990.1,992.2,991.1500000000001,2.1000000000000227,"stressed_market",1768679921.434931
467,990.8,991.5,991.15,0.7000000000000455,"stressed_market",1768679921.438131
468,991.1,993.1,992.1,2,"stressed_market",1768679921.44123
469,991.3,992.9,992.0999999999999,1.6000000000000227,"stressed_market",1768679921.4450672
470,992.1,993.7,992.9000000000001,1.6000000000000227,"stressed_market",1768679921.4481962
471,992.9,994,993.45,1.1000000000000227,"stressed_market",1768679921.4514544
472,992.9,994.3,993.5999999999999,1.3999999999999773,"stressed_market",1768679921.4540472
473,993.5,993.6,993.55,0.10000000000002274,"stressed_market",1768679921.4581244
474,993.5,993.6,993.55,0.10000000000002274,"stressed_market",1768679921.4614205
475,989.2,993.6,991.4000000000001,4.399999999999977,"stressed_market",1768679921.4654474
476,990,991.4,990.7,1.3999999999999773,"stressed_market",1768679921.4691486
477,990,991.4,990.7,1.3999999999999773,"stressed_market",1768679921.4736009
478,990,991.4,990.7,1.3999999999999773,"stressed_market",1768679921.4771538
479,988.8,992.6,990.7,3.800000000000068,"stressed_market",1768679921.483078
480,987.9,993.5,990.7,5.600000000000023,"stressed_market",1768679921.4880724
481,990.5,990.9,990.7,0.39999999999997726,"stressed_market",1768679921.492293
482,986.8,993.6,990.2,6.800000000000068,"stressed_market",1768679921.4950683
483,988.8,991.6,990.2,2.800000000000068,"stressed_market",1768679921.498291
484,990,990.4,990.2,0.39999999999997726,"stressed_market",1768679921.501284
485,990.2,990.3,990.25,0.09999999999990905,"stressed_market",1768679921.5038936
486,990.2,990.6,990.4000000000001,0.39999999999997726,"stressed_market",1768679921.506976
487,986.9,990.4,988.65,3.5,"stressed_market",1768679921.509246
488,987.5,989.8,988.65,2.2999999999999545,"stressed_market",1768679921.5134223
489,987.4,989.9,988.65,2.5,"stressed_market",1768679921.517909
490,987.8,989.5,988.65,1.7000000000000455,"stressed_market",1768679921.520924
491,988.5,988.8,988.65,0.2999999999999545,"stressed_market",1768679921.5244005
492,988.5,988.8,988.65,0.2999999999999545,"stressed_market",1768679921.529205
493,988.6,988.8,988.7,0.1999999999999318,"stressed_market",1768679921.533464
494,988.4,989,988.7,0.6000000000000227,"stressed_market",1768679921.536433
495,988.6,988.8,988.7,0.1999999999999318,"stressed_market",1768679921.5404088
496,987.1,988.7,987.9000000000001,1.6000000000000227,"stressed_market",1768679921.5442395
497,987.1,988.7,987.9000000000001,1.6000000000000227,"stressed_market",1768679921.5485625
498,987.1,988.7,987.9000000000001,1.6000000000000227,"stressed_market",1768679921.5519385
499,987.1,988.7,987.9000000000001,1.6000000000000227,"stressed_market",1768679921.556205
500,986.6,988.7,987.6500000000001,2.1000000000000227,"stressed_market",1768679921.5596168
501,987.5,987.8,987.65,0.2999999999999545,"stressed_market",1768679921.565147
502,983.6,991.7,987.6500000000001,8.100000000000023,"stressed_market",1768679921.568094
503,987.1,988.2,987.6500000000001,1.1000000000000227,"stressed_market",1768679921.5712967
504,987.6,988.1,987.85,0.5,"stressed_market",1768679921.5774798
505,985.1,990.6,987.85,5.5,"stressed_market",1768679921.5847132
506,987,988.7,987.85,1.7000000000000455,"stressed_market",1768679921.5979497
507,987.2,988.5,987.85,1.2999999999999545,"stressed_market",1768679921.603124
508,986.8,988.9,987.8499999999999,2.1000000000000227,"stressed_market",1768679921.6111221
509,986.1,989.6,987.85,3.5,"stressed_market",1768679921.6150658
510,987.8,988.1,987.95,0.3000000000000682,"stressed_market",1768679921.6209912
511,987.8,988.1,987.95,0.3000000000000682,"stressed_market",1768679921.625153
512,987.9,988.1,988,0.20000000000004547,"stressed_market",1768679921.6309247
513,987.9,990,988.95,2.1000000000000227,"stressed_market",1768679921.6363475
514,988.9,989.9,989.4,1,"stressed_market",1768679921.6444428
515,986.6,992.2,989.4000000000001,5.600000000000023,"stressed_market",1768679921.648741
516,987.3,991.5,989.4,4.2000000000000455,"stressed_market",1768679921.652904
517,988.1,990.7,989.4000000000001,2.6000000000000227,"stressed_market",1768679921.6587467
518,987.4,991.4,989.4,4,"stressed_market",1768679921.663512
519,986.7,989.4,988.05,2.699999999999932,"stressed_market",1768679921.6683161
520,987.2,988.9,988.05,1.6999999999999318,"stressed_market",1768679921.673194
521,987.8,988.3,988.05,0.5,"stressed_market",1768679921.67713
522,987.7,988.4,988.05,0.6999999999999318,"stressed_market",1768679921.682727
523,988,989.4,988.7,1.3999999999999773,"stressed_market",1768679921.6895382
524,988.4,989,988.7,0.6000000000000227,"stressed_market",1768679921.695185
525,988.3,989.1,988.7,0.8000000000000682,"stressed_market",1768679921.7004313
526,988.6,988.8,988.7,0.1999999999999318,"stressed_market",1768679921.703525
527,988.2,989.2,988.7,1,"stressed_market",1768679921.7095025
528,988.7,989.2,988.95,0.5,"stressed_market",1768679921.7146692
529,988.7,990.3,989.5,1.599999999999909,"stressed_market",1768679921.7200794
530,989,990,989.5,1,"stressed_market",1768679921.7260888
531,988.9,990.1,989.5,1.2000000000000455,"stressed_market",1768679921.7314446
532,988.7,990.9,989.8,2.199999999999932,"stressed_market",1768679921.7372544
533,988.7,992.6,990.6500000000001,3.8999999999999773,"stressed_market",1768679921.742481
534,990.6,990.7,990.6500000000001,0.10000000000002274,"stressed_market",1768679921.747316
535,990.6,990.7,990.6500000000001,0.10000000000002274,"stressed_market",1768679921.750398
536,990.6,990.7,990.6500000000001,0.10000000000002274,"stressed_market",1768679921.7559435
537,990.6,990.7,990.6500000000001,0.10000000000002274,"stressed_market",1768679921.7615907
538,990.6,990.7,990.6500000000001,0.10000000000002274,"stressed_market",1768679921.766506
539,989.2,992.1,990.6500000000001,2.8999999999999773,"stressed_market",1768679921.7723563
540,990.1,991.2,990.6500000000001,1.1000000000000227,"stressed_market",1768679921.7777138
541,990.5,990.8,990.65,0.2999999999999545,"stressed_market",1768679921.7825265
542,990.5,990.8,990.65,0.2999999999999545,"stressed_market",1768679921.7884874
543,990.6,990.8,990.7,0.1999999999999318,"stressed_market",1768679921.793227
544,989.7,991.6,990.6500000000001,1.8999999999999773,"stressed_market",1768679921.79916
545,989.5,990.7,990.1,1.2000000000000455,"stressed_market",1768679921.8042126
546,985.8,994.4,990.0999999999999,8.600000000000023,"stressed_market",1768679921.8093667
547,988.7,991.5,990.1,2.7999999999999545,"stressed_market",1768679921.814609
548,989,991.2,990.1,2.2000000000000455,"stressed_market",1768679921.8205342
549,990,990.1,990.05,0.10000000000002274,"stressed_market",1768679921.825328
550,987.4,990.1,988.75,2.7000000000000455,"stressed_market",1768679921.8285325
551,987.3,990.1,988.7,2.800000000000068,"stressed_market",1768679921.8338234
552,988.7,990.1,989.4000000000001,1.3999999999999773,"stressed_market",1768679921.8405848
553,989.2,989.6,989.4000000000001,0.39999999999997726,"stressed_market",1768679921.8433523
554,989.2,989.6,989.4000000000001,0.39999999999997726,"stressed_market",1768679921.8493748
555,988.8,990,989.4,1.2000000000000455,"stressed_market",1768679921.8548307
556,989.4,990,989.7,0.6000000000000227,"stressed_market",1768679921.8594358
557,989.4,990.5,989.95,1.1000000000000227,"stressed_market",1768679921.8654168
558,988.7,992.5,990.6,3.7999999999999545,"stressed_market",1768679921.8707788
559,989.2,992,990.6,2.7999999999999545,"stressed_market",1768679921.876376
560,990.6,991,990.8,0.39999999999997726,"stressed_market",1768679921.8810406
561,990.2,990.8,990.5,0.599999999999909,"stressed_market",1768679921.8869023
562,990.1,990.8,990.45,0.6999999999999318,"stressed_market",1768679921.8916826
563,990.1,990.5,990.3,0.39999999999997726,"stressed_market",1768679921.8970156
564,990.2,990.4,990.3,0.1999999999999318,"stressed_market",1768679921.9007905
565,988.7,990.5,989.6,1.7999999999999545,"stressed_market",1768679921.9055133
566,989.1,989.6,989.35,0.5,"stressed_market",1768679921.9109786
567,989.3,989.5,989.4,0.20000000000004547,"stressed_market",1768679921.916972
568,988.2,990.6,989.4000000000001,2.3999999999999773,"stressed_market",1768679921.9218981
569,989.4,989.5,989.45,0.10000000000002274,"stressed_market",1768679921.927372
570,989.4,989.9,989.65,0.5,"stressed_market",1768679921.9328082
571,987.1,992.2,989.6500000000001,5.100000000000023,"stressed_market",1768679921.9398015
572,987.6,991.7,989.6500000000001,4.100000000000023,"stressed_market",1768679921.9450877
573,988.8,990.5,989.65,1.7000000000000455,"stressed_market",1768679921.9494505
574,987,992.3,989.65,5.2999999999999545,"stressed_market",1768679921.9527793
575,987,992.3,989.65,5.2999999999999545,"stressed_market",1768679921.9561756
576,989.1,990.2,989.6500000000001,1.1000000000000227,"stressed_market",1768679921.9620051
577,988.6,990.7,989.6500000000001,2.1000000000000227,"stressed_market",1768679921.9665148
578,988.5,990.8,989.65,2.2999999999999545,"stressed_market",1768679921.9703293
579,986.3,989.7,988,3.400000000000091,"stressed_market",1768679921.9766738
580,986.3,989.7,988,3.400000000000091,"stressed_market",1768679921.981144
581,987.1,988.9,988,1.7999999999999545,"stressed_market",1768679921.9862976
582,987.9,988.1,988,0.20000000000004547,"stressed_market",1768679921.9916723
583,987.9,988.1,988,0.20000000000004547,"stressed_market",1768679921.997296
584,987.9,988.1,988,0.20000000000004547,"stressed_market",1768679922.0026515
585,987,989,988,2,"stressed_market",1768679922.0083032
586,985.8,989.7,987.75,3.900000000000091,"stressed_market",1768679922.0133698
587,985.2,990.8,988,5.599999999999909,"stressed_market",1768679922.0171561
588,986.7,989.3,988,2.599999999999909,"stressed_market",1768679922.0223951
589,988,989.3,988.65,1.2999999999999545,"stressed_market",1768679922.0280776
590,988,989.6,988.8,1.6000000000000227,"stressed_market",1768679922.03449
591,988,989.9,988.95,1.8999999999999773,"stressed_market",1768679922.0416985
592,988,990.5,989.25,2.5,"stressed_market",1768679922.0475328
593,987.3,991.2,989.25,3.900000000000091,"stressed_market",1768679922.0543323
594,988.9,989.6,989.25,0.7000000000000455,"stressed_market",1768679922.0622377
595,987.3,991.2,989.25,3.900000000000091,"stressed_market",1768679922.067615
596,989.2,992.2,990.7,3,"stressed_market",1768679922.0732286
597,989.5,990.7,990.1,1.2000000000000455,"stressed_market",1768679922.0784206
598,990.1,990.2,990.1500000000001,0.10000000000002274,"stressed_market",1768679922.084336
599,990.1,990.6,990.35,0.5,"stressed_market",1768679922.0872908
600,990.2,990.5,990.35,0.2999999999999545,"stressed_market",1768679922.091171
601,990.2,990.7,990.45,0.5,"stressed_market",1768679922.096003
602,990.4,990.6,990.5,0.20000000000004547,"stressed_market",1768679922.0991726
603,990.1,990.7,990.4000000000001,0.6000000000000227,"stressed_market",1768679922.1074646
604,990.1,994.1,992.1,4,"stressed_market",1768679922.1137974
605,991,993.2,992.1,2.2000000000000455,"stressed_market",1768679922.120245
606,991.3,992.9,992.0999999999999,1.6000000000000227,"stressed_market",1768679922.1270182
607,991.3,992.9,992.0999999999999,1.6000000000000227,"stressed_market",1768679922.1313534
608,992.1,992.2,992.1500000000001,0.10000000000002274,"stressed_market",1768679922.1375124
609,992,992.2,992.1,0.20000000000004547,"stressed_market",1768679922.1428614
610,990.6,993.7,992.1500000000001,3.1000000000000227,"stressed_market",1768679922.14835
611,990.6,993.7,992.1500000000001,3.1000000000000227,"stressed_market",1768679922.1542065
612,992,992.3,992.15,0.2999999999999545,"stressed_market",1768679922.1594033
613,991.2,993.1,992.1500000000001,1.8999999999999773,"stressed_market",1768679922.1653895
614,989.7,994.6,992.1500000000001,4.899999999999977,"stressed_market",1768679922.17121
615,992.1,994.6,993.35,2.5,"stressed_market",1768679922.1767128
616,993,993.7,993.35,0.7000000000000455,"stressed_market",1768679922.1822014
617,993,993.7,993.35,0.7000000000000455,"stressed_market",1768679922.1872184
618,993.3,994.6,993.95,1.3000000000000682,"stressed_market",1768679922.1910708
619,993.3,995.7,994.5,2.400000000000091,"stressed_market",1768679922.1981852
620,994.5,995.4,994.95,0.8999999999999773,"stressed_market",1768679922.2030973
621,994.7,995.2,994.95,0.5,"stressed_market",1768679922.208324
622,994.5,997.3,995.9,2.7999999999999545,"stressed_market",1768679922.2121441
623,994.5,997.3,995.9,2.7999999999999545,"stressed_market",1768679922.2155316
624,995.3,996.5,995.9,1.2000000000000455,"stressed_market",1768679922.220753
625,995.8,996,995.9,0.20000000000004547,"stressed_market",1768679922.2262876
626,995.8,996,995.9,0.20000000000004547,"stressed_market",1768679922.2318327
627,994.5,997.9,996.2,3.3999999999999773,"stressed_market",1768679922.237161
628,994.7,997.7,996.2,3,"stressed_market",1768679922.2427354
629,995.9,996.5,996.2,0.6000000000000227,"stressed_market",1768679922.2472358
630,994.5,998.1,996.3,3.6000000000000227,"stressed_market",1768679922.252327
631,995.8,996.3,996.05,0.5,"stressed_market",1768679922.2569866
632,995.8,996.3,996.05,0.5,"stressed_market",1768679922.2626147
633,996,996.3,996.15,0.2999999999999545,"stressed_market",1768679922.2678466
634,996,996.3,996.15,0.2999999999999545,"stressed_market",1768679922.2713797
635,996,996.3,996.15,0.2999999999999545,"stressed_market",1768679922.2770746
636,996,996.3,996.15,0.2999999999999545,"stressed_market",1768679922.282066
637,995.3,996.3,995.8,1,"stressed_market",1768679922.2879555
638,995.7,995.9,995.8,0.1999999999999318,"stressed_market",1768679922.2938228
639,995.1,996.3,995.7,1.1999999999999318,"stressed_market",1768679922.2986996
640,993.6,996.3,994.95,2.699999999999932,"stressed_market",1768679922.3048587
641,993.3,996.3,994.8,3,"stressed_market",1768679922.3081768
642,993.7,995.9,994.8,2.199999999999932,"stressed_market",1768679922.313288
643,994.7,994.9,994.8,0.1999999999999318,"stressed_market",1768679922.320786
644,994.7,994.9,994.8,0.1999999999999318,"stressed_market",1768679922.3254259
645,992.6,996.3,994.45,3.699999999999932,"stressed_market",1768679922.331084
646,993.5,995.4,994.45,1.8999999999999773,"stressed_market",1768679922.3363316
647,993.7,995.2,994.45,1.5,"stressed_market",1768679922.3421974
648,992.6,996.3,994.45,3.699999999999932,"stressed_market",1768679922.3478327
649,992.8,996.1,994.45,3.300000000000068,"stressed_market",1768679922.3543332
650,993.3,995.6,994.45,2.300000000000068,"stressed_market",1768679922.3611786
651,993.9,995,994.45,1.1000000000000227,"stressed_market",1768679922.3667915
652,993.7,995.2,994.45,1.5,"stressed_market",1768679922.3723726
653,993.9,995,994.45,1.1000000000000227,"stressed_market",1768679922.3771803
654,993.7,995.2,994.45,1.5,"stressed_market",1768679922.3832183
655,993.9,995,994.45,1.1000000000000227,"stressed_market",1768679922.3896062
656,994.4,994.6,994.5,0.20000000000004547,"stressed_market",1768679922.3932521
657,993.4,995.6,994.5,2.2000000000000455,"stressed_market",1768679922.3997946
658,993.6,995.4,994.5,1.7999999999999545,"stressed_market",1768679922.404239
659,993.6,995.4,994.5,1.7999999999999545,"stressed_market",1768679922.4119782
660,993.6,995.4,994.5,1.7999999999999545,"stressed_market",1768679922.6315563
661,993.6,995.4,994.5,1.7999999999999545,"stressed_market",1768679922.6413066
662,993.4,995.6,994.5,2.2000000000000455,"stressed_market",1768679922.6496496
663,993.4,995.6,994.5,2.2000000000000455,"stressed_market",1768679922.6553068
664,993.4,995.6,994.5,2.2000000000000455,"stressed_market",1768679922.6605961
665,993.4,995.6,994.5,2.2000000000000455,"stressed_market",1768679922.666513
666,993.1,995.9,994.5,2.7999999999999545,"stressed_market",1768679922.671982
667,993.1,995.9,994.5,2.7999999999999545,"stressed_market",1768679922.6772456
668,993.1,995.9,994.5,2.7999999999999545,"stressed_market",1768679922.682812
669,993.6,995.4,994.5,1.7999999999999545,"stressed_market",1768679922.6881282
670,993.3,995.7,994.5,2.400000000000091,"stressed_market",1768679922.6930299
671,994.4,994.6,994.5,0.20000000000004547,"stressed_market",1768679922.6983194
672,994.4,994.6,994.5,0.20000000000004547,"stressed_market",1768679922.703754
673,994.4,994.6,994.5,0.20000000000004547,"stressed_market",1768679922.70922
674,994.4,994.6,994.5,0.20000000000004547,"stressed_market",1768679922.7125182
675,993,996,994.5,3,"stressed_market",1768679922.7183013
676,992.2,996.8,994.5,4.599999999999909,"stressed_market",1768679922.72399
677,994.2,994.8,994.5,0.599999999999909,"stressed_market",1768679922.7299023
678,994.2,994.8,994.5,0.599999999999909,"stressed_market",1768679922.7345092
679,994,995,994.5,1,"stressed_market",1768679922.7402942
680,994,995,994.5,1,"stressed_market",1768679922.7460904
681,994,995,994.5,1,"stressed_market",1768679922.7507977
682,992,997,994.5,5,"stressed_market",1768679922.7568207
683,994.5,997,995.75,2.5,"stressed_market",1768679922.76228
684,994.5,998.5,996.5,4,"stressed_market",1768679922.766206
685,994.5,998.9,996.7,4.399999999999977,"stressed_market",1768679922.771924
686,995.2,996.7,995.95,1.5,"stressed_market",1768679922.7772536
687,994.9,996.7,995.8,1.8000000000000682,"stressed_market",1768679922.7814171
688,994.5,996.7,995.6,2.2000000000000455,"stressed_market",1768679922.787406
689,994.8,996.4,995.5999999999999,1.6000000000000227,"stressed_market",1768679922.7923043
690,994.5,995.6,995.05,1.1000000000000227,"stressed_market",1768679922.7983944
691,995,995.1,995.05,0.10000000000002274,"stressed_market",1768679922.8031242
692,995,995.5,995.25,0.5,"stressed_market",1768679922.8079257
693,995,995.6,995.3,0.6000000000000227,"stressed_market",1768679922.8160448
694,995,995.6,995.3,0.6000000000000227,"stressed_market",1768679922.8220646
695,995,995.3,995.15,0.2999999999999545,"stressed_market",1768679922.8273711
696,995,995.3,995.15,0.2999999999999545,"stressed_market",1768679922.8342223
697,994,996.3,995.15,2.2999999999999545,"stressed_market",1768679922.8394463
698,993.5,996.8,995.15,3.2999999999999545,"stressed_market",1768679922.8447888
699,993.8,996.5,995.15,2.7000000000000455,"stressed_market",1768679922.8502803
700,994.6,995.7,995.1500000000001,1.1000000000000227,"stressed_market",1768679922.8553145
701,995.1,996.1,995.6,1,"stressed_market",1768679922.8603826
702,995.1,998.8,996.95,3.699999999999932,"stressed_market",1768679922.8657355
703,996.7,997.2,996.95,0.5,"stressed_market",1768679922.871223
704,996.7,997.2,996.95,0.5,"stressed_market",1768679922.8768108
705,996.9,997.2,997.05,0.3000000000000682,"stressed_market",1768679922.880262
706,996.7,997.2,996.95,0.5,"stressed_market",1768679922.8852277
707,995.7,998.2,996.95,2.5,"stressed_market",1768679922.8904552
708,995.7,998.2,996.95,2.5,"stressed_market",1768679922.8958745
709,996.6,997.3,996.95,0.6999999999999318,"stressed_market",1768679922.9021266
710,996.3,997.6,996.95,1.3000000000000682,"stressed_market",1768679922.9068258
711,994.1,999.8,996.95,5.699999999999932,"stressed_market",1768679922.9126232
712,995.6,998.3,996.95,2.699999999999932,"stressed_market",1768679922.9180179
713,996.9,997.1,997,0.20000000000004547,"stressed_market",1768679922.923564
714,996.8,997.2,997,0.40000000000009095,"stressed_market",1768679922.9307826
715,994.4,999.6,997,5.2000000000000455,"stressed_market",1768679922.93686
716,994.9,999.1,997,4.2000000000000455,"stressed_market",1768679922.9405403
717,995.2,998.8,997,3.599999999999909,"stressed_market",1768679922.9464931
718,997,998,997.5,1,"stressed_market",1768679922.9518852
719,997.5,999.1,998.3,1.6000000000000227,"stressed_market",1768679922.956612
720,998.3,999.1,998.7,0.8000000000000682,"stressed_market",1768679922.962291
721,998.3,999.1,998.7,0.8000000000000682,"stressed_market",1768679922.9676125
722,998.3,1000,999.15,1.7000000000000455,"stressed_market",1768679922.9730616
723,998.3,1003.7,1001,5.400000000000091,"stressed_market",1768679922.978202
724,1000.3,1001.7,1001,1.400000000000091,"stressed_market",1768679922.9840512
725,1000,1002,1001,2,"stressed_market",1768679922.9888432
726,999.4,1002.6,1001,3.2000000000000455,"stressed_market",1768679922.9943047
727,1000,1002,1001,2,"stressed_market",1768679922.9991841
728,998.7,1003.3,1001,4.599999999999909,"stressed_market",1768679923.0044746
729,1001,1004.7,1002.85,3.7000000000000455,"stressed_market",1768679923.009275
730,1002.8,1004.6,1003.7,1.8000000000000682,"stressed_market",1768679923.0151978
731,1003.7,1004.6,1004.1500000000001,0.8999999999999773,"stressed_market",1768679923.0207622
732,1004.1,1004.3,1004.2,0.1999999999999318,"stressed_market",1768679923.025946
733,1004.2,1004.3,1004.25,0.09999999999990905,"stressed_market",1768679923.031153
734,1004.2,1004.7,1004.45,0.5,"stressed_market",1768679923.036549
735,1004.2,1007.4,1005.8,3.199999999999932,"stressed_market",1768679923.0414371
736,1005.8,1006.7,1006.25,0.900000000000091,"stressed_market",1768679923.0450304
737,1006.1,1006.4,1006.25,0.2999999999999545,"stressed_market",1768679923.0505226
738,1005.4,1006.3,1005.8499999999999,0.8999999999999773,"stressed_market",1768679923.0553012
739,1005.2,1006.5,1005.85,1.2999999999999545,"stressed_market",1768679923.0584836
740,1003.4,1008.3,1005.8499999999999,4.899999999999977,"stressed_market",1768679923.0657785
741,1005.4,1006.3,1005.8499999999999,0.8999999999999773,"stressed_market",1768679923.0708058
742,1005.7,1006,1005.85,0.2999999999999545,"stressed_market",1768679923.0755372
743,1005.8,1006,1005.9,0.20000000000004547,"stressed_market",1768679923.081575
744,1005.8,1006.2,1006,0.40000000000009095,"stressed_market",1768679923.087077
745,1005.8,1006.2,1006,0.40000000000009095,"stressed_market",1768679923.0985742
746,1006,1009.2,1007.6,3.2000000000000455,"stressed_market",1768679923.1041217
747,1006,1009.6,1007.8,3.6000000000000227,"stressed_market",1768679923.1092978
748,1006,1010.8,1008.4,4.7999999999999545,"stressed_market",1768679923.1174545
749,1006.4,1010.4,1008.4,4,"stressed_market",1768679923.122711
750,1006.4,1010.4,1008.4,4,"stressed_market",1768679923.128519
751,1006.3,1010.5,1008.4,4.2000000000000455,"stressed_market",1768679923.1328404
752,1006.8,1010,1008.4,3.2000000000000455,"stressed_market",1768679923.1382353
753,1008.4,1010.9,1009.65,2.5,"stressed_market",1768679923.1438327
754,1008.9,1010.4,1009.65,1.5,"stressed_market",1768679923.1506605
755,1009.2,1010.1,1009.6500000000001,0.8999999999999773,"stressed_market",1768679923.1579766
756,1009.2,1009.7,1009.45,0.5,"stressed_market",1768679923.1648073
757,1008.5,1009.5,1009,1,"stressed_market",1768679923.170161
758,1008.4,1009.5,1008.95,1.1000000000000227,"stressed_market",1768679923.1773674
759,1008.6,1009.3,1008.95,0.6999999999999318,"stressed_market",1768679923.1830037
760,1008.2,1009.7,1008.95,1.5,"stressed_market",1768679923.188309
761,1008.9,1012.3,1010.5999999999999,3.3999999999999773,"stressed_market",1768679923.1925516
762,1010.6,1010.8,1010.7,0.1999999999999318,"stressed_market",1768679923.1973975
763,1010.6,1010.7,1010.6500000000001,0.10000000000002274,"stressed_market",1768679923.201243
764,1010.6,1010.7,1010.6500000000001,0.10000000000002274,"stressed_market",1768679923.2102246
765,1010.6,1010.7,1010.6500000000001,0.10000000000002274,"stressed_market",1768679923.2154372
766,1010.6,1011.2,1010.9000000000001,0.6000000000000227,"stressed_market",1768679923.221788
767,1010.6,1011.6,1011.1,1,"stressed_market",1768679923.2272427
768,1010.6,1012.8,1011.7,2.199999999999932,"stressed_market",1768679923.2342813
769,1011.3,1011.7,1011.5,0.40000000000009095,"stressed_market",1768679923.2393866
770,1008.9,1011.7,1010.3,2.800000000000068,"stressed_market",1768679923.245146
771,1008.9,1011.7,1010.3,2.800000000000068,"stressed_market",1768679923.251321
772,1010.3,1010.5,1010.4,0.20000000000004547,"stressed_market",1768679923.2563653
773,1010.4,1011.7,1011.05,1.3000000000000682,"stressed_market",1768679923.2624722
774,1010.6,1011.1,1010.85,0.5,"stressed_market",1768679923.2670562
775,1010.6,1011.1,1010.85,0.5,"stressed_market",1768679923.2722151
776,1010.8,1011,1010.9,0.20000000000004547,"stressed_market",1768679923.2790236
777,1010.9,1011,1010.95,0.10000000000002274,"stressed_market",1768679923.2841747
778,1010.9,1011.7,1011.3,0.8000000000000682,"stressed_market",1768679923.290771
779,1011.3,1011.7,1011.5,0.40000000000009095,"stressed_market",1768679923.2979636
780,1011.3,1011.7,1011.5,0.40000000000009095,"stressed_market",1768679923.302314
781,1011.5,1011.9,1011.7,0.39999999999997726,"stressed_market",1768679923.3059466
782,1011.7,1013.9,1012.8,2.199999999999932,"stressed_market",1768679923.311574
783,1011.7,1014.2,1012.95,2.5,"stressed_market",1768679923.31743
784,1011.7,1015.9,1013.8,4.199999999999932,"stressed_market",1768679923.3201685
785,1013.1,1014.5,1013.8,1.3999999999999773,"stressed_market",1768679923.3258216
786,1013.3,1014.3,1013.8,1,"stressed_market",1768679923.33132
787,1012.7,1014.9,1013.8,2.199999999999932,"stressed_market",1768679923.3371868
788,1013.8,1013.9,1013.8499999999999,0.10000000000002274,"stressed_market",1768679923.341085
789,1011.7,1016,1013.85,4.2999999999999545,"stressed_market",1768679923.3454015
790,1013.8,1014.6,1014.2,0.8000000000000682,"stressed_market",1768679923.3505306
791,1013.8,1017.5,1015.65,3.7000000000000455,"stressed_market",1768679923.3556669
792,1014.2,1017.1,1015.6500000000001,2.8999999999999773,"stressed_market",1768679923.3617077
793,1015.6,1015.7,1015.6500000000001,0.10000000000002274,"stressed_market",1768679923.3670027
794,1015.6,1015.7,1015.6500000000001,0.10000000000002274,"stressed_market",1768679923.3727121
795,1015.6,1015.7,1015.6500000000001,0.10000000000002274,"stressed_market",1768679923.3773072
796,1015.6,1015.7,1015.6500000000001,0.10000000000002274,"stressed_market",1768679923.38252
797,1014.4,1016.9,1015.65,2.5,"stressed_market",1768679923.388366
798,1014.1,1017.2,1015.6500000000001,3.1000000000000227,"stressed_market",1768679923.3931174
799,1013.6,1017.7,1015.6500000000001,4.100000000000023,"stressed_market",1768679923.3987277
800,1013.2,1018.1,1015.6500000000001,4.899999999999977,"stressed_market",1768679923.4043622
801,1014.8,1016.5,1015.65,1.7000000000000455,"stressed_market",1768679923.4092102
802,1014.8,1016.5,1015.65,1.7000000000000455,"stressed_market",1768679923.412323
803,1013.2,1018.1,1015.6500000000001,4.899999999999977,"stressed_market",1768679923.4177816
804,1015.6,1015.8,1015.7,0.1999999999999318,"stressed_market",1768679923.4233406
805,1014.8,1016.5,1015.65,1.7000000000000455,"stressed_market",1768679923.4264007
806,1014.5,1016.8,1015.65,2.2999999999999545,"stressed_market",1768679923.4318416
807,1013.7,1015.7,1014.7,2,"stressed_market",1768679923.4375718
808,1013.9,1015.5,1014.7,1.6000000000000227,"stressed_market",1768679923.4424207
809,1013.7,1015.7,1014.7,2,"stressed_market",1768679923.4483368
810,1011.3,1018.1,1014.7,6.800000000000068,"stressed_market",1768679923.453729
811,1013.3,1014.7,1014,1.400000000000091,"stressed_market",1768679923.4607534
812,1013.7,1014.3,1014,0.599999999999909,"stressed_market",1768679923.4660316
813,1013.5,1014.5,1014,1,"stressed_market",1768679923.4719048
814,1013.5,1014.5,1014,1,"stressed_market",1768679923.4770975
815,1013.5,1014.5,1014,1,"stressed_market",1768679923.4823165
816,1012.7,1015.3,1014,2.599999999999909,"stressed_market",1768679923.4880023
817,1013.2,1014,1013.6,0.7999999999999545,"stressed_market",1768679923.4931448
818,1012.1,1015.1,1013.6,3,"stressed_market",1768679923.4980934
819,1012.1,1015.1,1013.6,3,"stressed_market",1768679923.5040338
820,1012.5,1014.7,1013.6,2.2000000000000455,"stressed_market",1768679923.5087638
821,1009.8,1017.4,1013.5999999999999,7.600000000000023,"stressed_market",1768679923.5142758
822,1009.9,1013.6,1011.75,3.7000000000000455,"stressed_market",1768679923.5203118
823,1010.1,1013.4,1011.75,3.2999999999999545,"stressed_market",1768679923.5252602
824,1011.7,1013,1012.35,1.2999999999999545,"stressed_market",1768679923.5329013
825,1011.7,1013,1012.35,1.2999999999999545,"stressed_market",1768679923.5381422
826,1012,1012.7,1012.35,0.7000000000000455,"stressed_market",1768679923.5430508
827,1012.3,1012.7,1012.5,0.40000000000009095,"stressed_market",1768679923.548467
828,1012.3,1012.7,1012.5,0.40000000000009095,"stressed_market",1768679923.553849
829,1012.3,1014.9,1013.5999999999999,2.6000000000000227,"stressed_market",1768679923.5591395
830,1012.3,1016.5,1014.4,4.2000000000000455,"stressed_market",1768679923.564437
831,1013.1,1015.7,1014.4000000000001,2.6000000000000227,"stressed_market",1768679923.5703936
832,1013.7,1015.1,1014.4000000000001,1.3999999999999773,"stressed_market",1768679923.5754125
833,1013.1,1015.7,1014.4000000000001,2.6000000000000227,"stressed_market",1768679923.5873504
834,1013.8,1014.4,1014.0999999999999,0.6000000000000227,"stressed_market",1768679923.592213
835,1014,1014.2,1014.1,0.20000000000004547,"stressed_market",1768679923.5972216
836,1010.3,1014.4,1012.3499999999999,4.100000000000023,"stressed_market",1768679923.6059408
837,1011.5,1012.4,1011.95,0.8999999999999773,"stressed_market",1768679923.6112952
838,1011.9,1013.2,1012.55,1.3000000000000682,"stressed_market",1768679923.6151934
839,1011.9,1013.8,1012.8499999999999,1.8999999999999773,"stressed_market",1768679923.62188
840,1012.6,1013.1,1012.85,0.5,"stressed_market",1768679923.6262887
841,1012.6,1012.9,1012.75,0.2999999999999545,"stressed_market",1768679923.6362994
842,1012.5,1012.9,1012.7,0.39999999999997726,"stressed_market",1768679923.6413355
843,1012.5,1012.9,1012.7,0.39999999999997726,"stressed_market",1768679923.6485698
844,1012.3,1012.9,1012.5999999999999,0.6000000000000227,"stressed_market",1768679923.6534414
845,1012.3,1012.9,1012.5999999999999,0.6000000000000227,"stressed_market",1768679923.6590464
846,1012.3,1012.9,1012.5999999999999,0.6000000000000227,"stressed_market",1768679923.6631444
847,1012.3,1012.9,1012.5999999999999,0.6000000000000227,"stressed_market",1768679923.667346
848,1012.4,1012.6,1012.5,0.20000000000004547,"stressed_market",1768679923.6704655
849,1012.4,1012.5,1012.45,0.10000000000002274,"stressed_market",1768679923.6765893
850,1012.4,1012.5,1012.45,0.10000000000002274,"stressed_market",1768679923.684462
851,1012,1012.5,1012.25,0.5,"stressed_market",1768679923.6888108
852,1009.7,1014.8,1012.25,5.099999999999909,"stressed_market",1768679923.694698
853,1011.5,1013,1012.25,1.5,"stressed_market",1768679923.7002006
854,1011.9,1012.6,1012.25,0.7000000000000455,"stressed_market",1768679923.7034383
855,1011.9,1012.6,1012.25,0.7000000000000455,"stressed_market",1768679923.7088494
856,1011.6,1012.9,1012.25,1.2999999999999545,"stressed_market",1768679923.71403
857,1009.7,1014.8,1012.25,5.099999999999909,"stressed_market",1768679923.71867
858,1010.4,1014.1,1012.25,3.7000000000000455,"stressed_market",1768679923.724176
859,1010.4,1014.1,1012.25,3.7000000000000455,"stressed_market",1768679923.7290385
860,1011.8,1012.3,1012.05,0.5,"stressed_market",1768679923.7343712
861,1012,1012.3,1012.15,0.2999999999999545,"stressed_market",1768679923.7401683
862,1012,1012.9,1012.45,0.8999999999999773,"stressed_market",1768679923.7450619
863,1012.4,1013.1,1012.75,0.7000000000000455,"stressed_market",1768679923.75044
864,1012.4,1015,1013.7,2.6000000000000227,"stressed_market",1768679923.9702322
865,1012.8,1014.6,1013.7,1.8000000000000682,"stressed_market",1768679923.97577
866,1012.7,1014.7,1013.7,2,"stressed_market",1768679923.9805315
867,1011.9,1015.5,1013.7,3.6000000000000227,"stressed_market",1768679923.986304
868,1013.6,1013.8,1013.7,0.1999999999999318,"stressed_market",1768679923.9927096
869,1013.7,1015.6,1014.6500000000001,1.8999999999999773,"stressed_market",1768679924.0019126
870,1014.6,1016.6,1015.6,2,"stressed_market",1768679924.0077217
871,1014.6,1016.6,1015.6,2,"stressed_market",1768679924.0129201
872,1014.8,1015.6,1015.2,0.8000000000000682,"stressed_market",1768679924.0190458
873,1014.6,1015.6,1015.1,1,"stressed_market",1768679924.02605
874,1014.6,1015.6,1015.1,1,"stressed_market",1768679924.0322084
875,1011.6,1015.6,1013.6,4,"stressed_market",1768679924.0359566
876,1013.4,1013.8,1013.5999999999999,0.39999999999997726,"stressed_market",1768679924.0430741
877,1013.4,1013.6,1013.5,0.20000000000004547,"stressed_market",1768679924.0496602
878,1013.1,1013.6,1013.35,0.5,"stressed_market",1768679924.054827
879,1013.1,1013.6,1013.35,0.5,"stressed_market",1768679924.061462
880,1013.3,1013.6,1013.45,0.3000000000000682,"stressed_market",1768679924.0685537
881,1013,1013.6,1013.3,0.6000000000000227,"stressed_market",1768679924.0733435
882,1011.3,1013.3,1012.3,2,"stressed_market",1768679924.0789454
883,1010.7,1013.9,1012.3,3.199999999999932,"stressed_market",1768679924.0831187
884,1011.5,1013.1,1012.3,1.6000000000000227,"stressed_market",1768679924.0883226
885,1011.5,1013.1,1012.3,1.6000000000000227,"stressed_market",1768679924.0934737
886,1011.1,1013.5,1012.3,2.3999999999999773,"stressed_market",1768679924.0993352
887,1011.8,1012.8,1012.3,1,"stressed_market",1768679924.103997
888,1012,1012.6,1012.3,0.6000000000000227,"stressed_market",1768679924.1093338
889,1012,1012.6,1012.3,0.6000000000000227,"stressed_market",1768679924.114585
890,1011.6,1013,1012.3,1.3999999999999773,"stressed_market",1768679924.1199312
891,1009.6,1015,1012.3,5.399999999999977,"stressed_market",1768679924.1252987
892,1012.2,1012.4,1012.3,0.1999999999999318,"stressed_market",1768679924.131139
893,1012.3,1012.4,1012.3499999999999,0.10000000000002274,"stressed_market",1768679924.1366987
894,1012.3,1012.4,1012.3499999999999,0.10000000000002274,"stressed_market",1768679924.1418695
895,1012.3,1015.9,1014.0999999999999,3.6000000000000227,"stressed_market",1768679924.1471772
896,1012.3,1015.9,1014.0999999999999,3.6000000000000227,"stressed_market",1768679924.1541038
897,1013.3,1014.9,1014.0999999999999,1.6000000000000227,"stressed_market",1768679924.159796
898,1012.3,1015.9,1014.0999999999999,3.6000000000000227,"stressed_market",1768679924.1663773
899,1012.5,1015.7,1014.1,3.2000000000000455,"stressed_market",1768679924.1718712
900,1013.3,1014.9,1014.0999999999999,1.6000000000000227,"stressed_market",1768679924.1778517
901,1009.6,1014.9,1012.25,5.2999999999999545,"stressed_market",1768679924.1817944
902,1010.3,1014.2,1012.25,3.900000000000091,"stressed_market",1768679924.186943
903,1010.7,1013.8,1012.25,3.099999999999909,"stressed_market",1768679924.1923978
904,1012.1,1012.4,1012.25,0.2999999999999545,"stressed_market",1768679924.1981297
905,1010.2,1014.3,1012.25,4.099999999999909,"stressed_market",1768679924.2043238
906,1009.8,1014.7,1012.25,4.900000000000091,"stressed_market",1768679924.2095563
907,1010.6,1013.9,1012.25,3.2999999999999545,"stressed_market",1768679924.2165139
908,1009.5,1015,1012.25,5.5,"stressed_market",1768679924.2229142
909,1011.5,1012.3,1011.9,0.7999999999999545,"stressed_market",1768679924.2506037
910,1010.9,1012.3,1011.5999999999999,1.3999999999999773,"stressed_market",1768679924.258079
911,1011,1012.2,1011.6,1.2000000000000455,"stressed_market",1768679924.2625988
912,1010.8,1012.3,1011.55,1.5,"stressed_market",1768679924.2682958
913,1011.3,1011.8,1011.55,0.5,"stressed_market",1768679924.2725887
914,1010.6,1012.3,1011.45,1.6999999999999318,"stressed_market",1768679924.2783334
915,1010.6,1012.6,1011.6,2,"stressed_market",1768679924.2838671
916,1011.5,1011.7,1011.6,0.20000000000004547,"stressed_market",1768679924.289504
917,1010.1,1011.6,1010.85,1.5,"stressed_market",1768679924.2946749
918,1010.6,1011.1,1010.85,0.5,"stressed_market",1768679924.302304
919,1009.3,1011.6,1010.45,2.300000000000068,"stressed_market",1768679924.3071017
920,1010.3,1010.6,1010.45,0.3000000000000682,"stressed_market",1768679924.3115973
921,1009.9,1011,1010.45,1.1000000000000227,"stressed_market",1768679924.3169622
922,1010.4,1012,1011.2,1.6000000000000227,"stressed_market",1768679924.321979
923,1011.1,1011.3,1011.2,0.1999999999999318,"stressed_market",1768679924.327362
924,1011.1,1011.3,1011.2,0.1999999999999318,"stressed_market",1768679924.3334298
925,1010.9,1011.5,1011.2,0.6000000000000227,"stressed_market",1768679924.3394275
926,1011.1,1011.3,1011.2,0.1999999999999318,"stressed_market",1768679924.3444202
927,1008.4,1014,1011.2,5.600000000000023,"stressed_market",1768679924.348955
928,1008.7,1013.7,1011.2,5,"stressed_market",1768679924.3548753
929,1009.4,1013,1011.2,3.6000000000000227,"stressed_market",1768679924.3599288
930,1011,1011.4,1011.2,0.39999999999997726,"stressed_market",1768679924.365148
931,1009.9,1012.5,1011.2,2.6000000000000227,"stressed_market",1768679924.3699684
932,1010.6,1011.8,1011.2,1.1999999999999318,"stressed_market",1768679924.3761883
933,1011.1,1011.3,1011.2,0.1999999999999318,"stressed_market",1768679924.3815181
934,1011.1,1011.3,1011.2,0.1999999999999318,"stressed_market",1768679924.3900044
935,1011.1,1011.3,1011.2,0.1999999999999318,"stressed_market",1768679924.395608
936,1008.8,1013.6,1011.2,4.800000000000068,"stressed_market",1768679924.4012282
937,1010.3,1012.1,1011.2,1.8000000000000682,"stressed_market",1768679924.406254
938,1010.4,1012,1011.2,1.6000000000000227,"stressed_market",1768679924.4103
939,1009.7,1012.7,1011.2,3,"stressed_market",1768679924.4153411
940,1009,1011.2,1010.1,2.2000000000000455,"stressed_market",1768679924.4195383
941,1008.9,1011.2,1010.05,2.300000000000068,"stressed_market",1768679924.4264956
942,1008.8,1013.3,1011.05,4.5,"stressed_market",1768679924.4328833
943,1010.5,1011.6,1011.05,1.1000000000000227,"stressed_market",1768679924.4382093
944,1010.5,1011.1,1010.8,0.6000000000000227,"stressed_market",1768679924.448475
945,1009.9,1011.1,1010.5,1.2000000000000455,"stressed_market",1768679924.4540353
946,1008.9,1012.1,1010.5,3.2000000000000455,"stressed_market",1768679924.4597063
947,1010.2,1010.8,1010.5,0.599999999999909,"stressed_market",1768679924.464751
948,1010.3,1010.5,1010.4,0.20000000000004547,"stressed_market",1768679924.4709868
949,1010.3,1010.5,1010.4,0.20000000000004547,"stressed_market",1768679924.475487
950,1010.4,1010.5,1010.45,0.10000000000002274,"stressed_market",1768679924.4822621
951,1010.4,1010.5,1010.45,0.10000000000002274,"stressed_market",1768679924.4881458
952,1010.4,1010.5,1010.45,0.10000000000002274,"stressed_market",1768679924.4942548
953,1010.4,1010.5,1010.45,0.10000000000002274,"stressed_market",1768679924.4990146
954,1010.4,1010.6,1010.5,0.20000000000004547,"stressed_market",1768679924.5048811
955,1010.5,1010.6,1010.55,0.10000000000002274,"stressed_market",1768679924.5105417
956,1010.5,1010.6,1010.55,0.10000000000002274,"stressed_market",1768679924.519155
957,1010.5,1013.5,1012,3,"stressed_market",1768679924.5234451
958,1011.5,1012.5,1012,1,"stressed_market",1768679924.5294735
959,1011.5,1012.5,1012,1,"stressed_market",1768679924.5361376
960,1010.4,1013.6,1012,3.2000000000000455,"stressed_market",1768679924.5413337
961,1011.4,1012.6,1012,1.2000000000000455,"stressed_market",1768679924.546812
962,1011.4,1012.6,1012,1.2000000000000455,"stressed_market",1768679924.551617
963,1010.4,1013.6,1012,3.2000000000000455,"stressed_market",1768679924.5579793
964,1011.4,1012.6,1012,1.2000000000000455,"stressed_market",1768679924.5630543
965,1009.1,1014.9,1012,5.7999999999999545,"stressed_market",1768679924.569838
966,1009.5,1014.5,1012,5,"stressed_market",1768679924.5755835
967,1011.2,1012.8,1012,1.599999999999909,"stressed_market",1768679924.5830004
968,1011.7,1012,1011.85,0.2999999999999545,"stressed_market",1768679924.58946
969,1007.8,1012,1009.9,4.2000000000000455,"stressed_market",1768679924.5965145
970,1008.8,1011,1009.9,2.2000000000000455,"stressed_market",1768679924.6015632
971,1008.5,1011.3,1009.9,2.7999999999999545,"stressed_market",1768679924.6078672
972,1009.4,1009.9,1009.65,0.5,"stressed_market",1768679924.6123807
973,1008.8,1009.9,1009.3499999999999,1.1000000000000227,"stressed_market",1768679924.61762
974,1008.6,1009.9,1009.25,1.2999999999999545,"stressed_market",1768679924.6240005
975,1007.6,1010.9,1009.25,3.2999999999999545,"stressed_market",1768679924.6285486
976,1009.2,1010.8,1010,1.599999999999909,"stressed_market",1768679924.6345477
977,1007.6,1010.9,1009.25,3.2999999999999545,"stressed_market",1768679924.6397703
978,1009.2,1010.3,1009.75,1.099999999999909,"stressed_market",1768679924.6443155
979,1009.7,1014.2,1011.95,4.5,"stressed_market",1768679924.6491964
980,1010.7,1013.2,1011.95,2.5,"stressed_market",1768679924.6538887
981,1011.4,1012.5,1011.95,1.1000000000000227,"stressed_market",1768679924.6598585
982,1009.7,1015.2,1012.45,5.5,"stressed_market",1768679924.666347
983,1010.1,1014.8,1012.45,4.699999999999932,"stressed_market",1768679924.672967
984,1012.4,1013.5,1012.95,1.1000000000000227,"stressed_market",1768679924.6785088
985,1012.4,1013.5,1012.95,1.1000000000000227,"stressed_market",1768679924.6859992
986,1012.4,1016.2,1014.3,3.800000000000068,"stressed_market",1768679924.6921449
987,1013,1015.6,1014.3,2.6000000000000227,"stressed_market",1768679924.6974156
988,1013,1015.6,1014.3,2.6000000000000227,"stressed_market",1768679924.7031052
989,1013,1015.6,1014.3,2.6000000000000227,"stressed_market",1768679924.7088678
990,1013.1,1015.5,1014.3,2.3999999999999773,"stressed_market",1768679924.7143369
991,1014.1,1014.5,1014.3,0.39999999999997726,"stressed_market",1768679924.7205172
992,1014.3,1015.8,1015.05,1.5,"stressed_market",1768679924.729427
993,1014.3,1016.3,1015.3,2,"stressed_market",1768679924.7380202
994,1014.3,1018.6,1016.45,4.300000000000068,"stressed_market",1768679924.744986
995,1015,1017.9,1016.45,2.8999999999999773,"stressed_market",1768679924.7504704
996,1016.4,1016.6,1016.5,0.20000000000004547,"stressed_market",1768679924.7570305
997,1016.4,1016.8,1016.5999999999999,0.39999999999997726,"stressed_market",1768679924.7630014
998,1016.4,1016.8,1016.5999999999999,0.39999999999997726,"stressed_market",1768679924.7685995
999,1016.4,1016.8,1016.5999999999999,0.39999999999997726,"stressed_market",1768679924.7725432
1000,1016.4,1016.6,1016.5,0.20000000000004547,"stressed_market",1768679924.780204
1001,1016,1016.6,1016.3,0.6000000000000227,"stressed_market",1768679924.786126
1002,1015.6,1016.6,1016.1,1,"stressed_market",1768679924.7921648
1003,1015.6,1016.1,1015.85,0.5,"stressed_market",1768679924.7981043
1004,1015.5,1016.1,1015.8,0.6000000000000227,"stressed_market",1768679924.8033829
1005,1015.3,1016.1,1015.7,0.8000000000000682,"stressed_market",1768679924.807819
1006,1013.4,1016.1,1014.75,2.7000000000000455,"stressed_market",1768679924.8133235
1007,1014.6,1014.9,1014.75,0.2999999999999545,"stressed_market",1768679924.816489
1008,1014.7,1015.9,1015.3,1.1999999999999318,"stressed_market",1768679924.8221643
1009,1014.7,1016.8,1015.75,2.099999999999909,"stressed_market",1768679924.8279765
1010,1013.9,1017.2,1015.55,3.300000000000068,"stressed_market",1768679924.836368
1011,1015.5,1018.4,1016.95,2.8999999999999773,"stressed_market",1768679924.8417602
1012,1015.5,1019.2,1017.35,3.7000000000000455,"stressed_market",1768679924.8470094
1013,1017.3,1019.7,1018.5,2.400000000000091,"stressed_market",1768679924.8518507
1014,1018.3,1018.7,1018.5,0.40000000000009095,"stressed_market",1768679924.8577564
1015,1017.3,1020.3,1018.8,3,"stressed_market",1768679924.8634276
1016,1018.1,1019.5,1018.8,1.3999999999999773,"stressed_market",1768679924.8692236
1017,1018.1,1019.5,1018.8,1.3999999999999773,"stressed_market",1768679924.8743966
1018,1016.5,1021.1,1018.8,4.600000000000023,"stressed_market",1768679924.8788886
1019,1016.5,1021.1,1018.8,4.600000000000023,"stressed_market",1768679924.8872018
1020,1018.8,1022.2,1020.5,3.400000000000091,"stressed_market",1768679924.894539
1021,1018.8,1022.2,1020.5,3.400000000000091,"stressed_market",1768679924.9015398
1022,1018.8,1023.1,1020.95,4.300000000000068,"stressed_market",1768679924.9072154
1023,1018.8,1023.1,1020.95,4.300000000000068,"stressed_market",1768679924.913462
1024,1018.8,1024,1021.4,5.2000000000000455,"stressed_market",1768679924.9165523
1025,1021.4,1021.5,1021.45,0.10000000000002274,"stressed_market",1768679924.9223979
1026,1021.4,1021.5,1021.45,0.10000000000002274,"stressed_market",1768679924.927776
1027,1021.4,1022.2,1021.8,0.8000000000000682,"stressed_market",1768679924.93388
1028,1021.3,1021.8,1021.55,0.5,"stressed_market",1768679924.94046
1029,1021.3,1022.3,1021.8,1,"stressed_market",1768679924.9462469
1030,1021.7,1021.9,1021.8,0.1999999999999318,"stressed_market",1768679924.95126
1031,1021.7,1021.9,1021.8,0.1999999999999318,"stressed_market",1768679924.959427
1032,1020.5,1023.1,1021.8,2.6000000000000227,"stressed_market",1768679924.9660618
1033,1021.3,1022.3,1021.8,1,"stressed_market",1768679924.9749188
1034,1021.8,1022.3,1022.05,0.5,"stressed_market",1768679924.9813755
1035,1021.8,1022.3,1022.05,0.5,"stressed_market",1768679924.9859319
1036,1021.8,1022.9,1022.3499999999999,1.1000000000000227,"stressed_market",1768679924.9918761
1037,1021.8,1022.9,1022.3499999999999,1.1000000000000227,"stressed_market",1768679924.9995222
1038,1021.8,1023.1,1022.45,1.3000000000000682,"stressed_market",1768679925.0053337
1039,1022.4,1024.1,1023.25,1.6999999999999318,"stressed_market",1768679925.0110333
1040,1023.2,1024.1,1023.65,0.8999999999998636,"stressed_market",1768679925.0165408
1041,1023.2,1023.7,1023.45,0.5,"stressed_market",1768679925.0233274
1042,1022.5,1023.7,1023.1,1.2000000000000455,"stressed_market",1768679925.0286727
1043,1023,1023.2,1023.1,0.20000000000004547,"stressed_market",1768679925.03469
1044,1020.3,1025.9,1023.1,5.600000000000136,"stressed_market",1768679925.0393062
1045,1023,1023.2,1023.1,0.20000000000004547,"stressed_market",1768679925.0440643
1046,1022.1,1024.1,1023.0999999999999,1.9999999999998863,"stressed_market",1768679925.0502408
1047,1021.8,1024.4,1023.1,2.6000000000001364,"stressed_market",1768679925.0546577
1048,1019.6,1026.6,1023.0999999999999,6.999999999999886,"stressed_market",1768679925.063008
1049,1022,1024.2,1023.1,2.2000000000000455,"stressed_market",1768679925.0682614
1050,1021.3,1024.9,1023.1,3.6000000000001364,"stressed_market",1768679925.075182
1051,1019.9,1026.3,1023.0999999999999,6.399999999999977,"stressed_market",1768679925.079247
1052,1023,1023.2,1023.1,0.20000000000004547,"stressed_market",1768679925.0844014
1053,1021.8,1023.1,1022.45,1.3000000000000682,"stressed_market",1768679925.0912435
1054,1022.4,1023.1,1022.75,0.7000000000000455,"stressed_market",1768679925.0969775
1055,1022.4,1023.1,1022.75,0.7000000000000455,"stressed_market",1768679925.1027503
1056,1022.4,1023.1,1022.75,0.7000000000000455,"stressed_market",1768679925.1105528
1057,1022.5,1023,1022.75,0.5,"stressed_market",1768679925.1152887
1058,1019.4,1026.1,1022.75,6.699999999999932,"stressed_market",1768679925.121331
1059,1022.7,1024.2,1023.45,1.5,"stressed_market",1768679925.128769
1060,1022.8,1024.1,1023.4499999999999,1.2999999999999545,"stressed_market",1768679925.1344137
1061,1022.9,1024,1023.45,1.1000000000000227,"stressed_market",1768679925.1385472
1062,1023.1,1023.8,1023.45,0.6999999999999318,"stressed_market",1768679925.1435945
1063,1023,1023.9,1023.45,0.8999999999999773,"stressed_market",1768679925.1495354
1064,1022.7,1025.6,1024.15,2.8999999999998636,"stressed_market",1768679925.155665
1065,1023.8,1024.5,1024.15,0.7000000000000455,"stressed_market",1768679925.1628883
1066,1023.2,1025.1,1024.15,1.8999999999998636,"stressed_market",1768679925.1684918
1067,1024,1024.3,1024.15,0.2999999999999545,"stressed_market",1768679925.1739998
1068,1024.1,1025.4,1024.75,1.300000000000182,"stressed_market",1768679925.180064
1069,1024,1024.8,1024.4,0.7999999999999545,"stressed_market",1768679925.1852977
1070,1023,1025.8,1024.4,2.7999999999999545,"stressed_market",1768679925.1902318
1071,1024.4,1025.2,1024.8000000000002,0.7999999999999545,"stressed_market",1768679925.1953778
1072,1024.4,1027.3,1025.85,2.8999999999998636,"stressed_market",1768679925.2015674
1073,1025.3,1026.4,1025.85,1.1000000000001364,"stressed_market",1768679925.2055995
1074,1025.3,1026.4,1025.85,1.1000000000001364,"stressed_market",1768679925.211195
1075,1025.8,1026.2,1026,0.40000000000009095,"stressed_market",1768679925.2172854
1076,1025.4,1026.6,1026,1.199999999999818,"stressed_market",1768679925.2232523
1077,1024.9,1026.9,1025.9,2,"stressed_market",1768679925.2312946
1078,1025.6,1026.2,1025.9,0.6000000000001364,"stressed_market",1768679925.2355576
1079,1025.9,1026.2,1026.0500000000002,0.2999999999999545,"stressed_market",1768679925.2397208
1080,1025.9,1028.1,1027,2.199999999999818,"stressed_market",1768679925.24653
1081,1025.2,1028.1,1026.65,2.8999999999998636,"stressed_market",1768679925.2527165
1082,1025.4,1026.7,1026.0500000000002,1.2999999999999545,"stressed_market",1768679925.2609289
1083,1026,1026.2,1026.1,0.20000000000004547,"stressed_market",1768679925.2699676
1084,1023.8,1028.4,1026.1,4.600000000000136,"stressed_market",1768679925.2751093
1085,1026.1,1026.6,1026.35,0.5,"stressed_market",1768679925.2793286
1086,1026.1,1026.6,1026.35,0.5,"stressed_market",1768679925.2836993
1087,1026.1,1026.6,1026.35,0.5,"stressed_market",1768679925.2887259
1088,1026.1,1027.5,1026.8,1.400000000000091,"stressed_market",1768679925.294329
1089,1026.8,1028.1,1027.4499999999998,1.2999999999999545,"stressed_market",1768679925.2999287
1090,1025.5,1028.1,1026.8,2.599999999999909,"stressed_market",1768679925.3064837
1091,1023.7,1029.9,1026.8000000000002,6.2000000000000455,"stressed_market",1768679925.3113873
1092,1026.8,1028.3,1027.55,1.5,"stressed_market",1768679925.3147597
1093,1027.2,1027.9,1027.5500000000002,0.7000000000000455,"stressed_market",1768679925.3222828
1094,1025.4,1027.6,1026.5,2.199999999999818,"stressed_market",1768679925.3277404
1095,1025.4,1027.6,1026.5,2.199999999999818,"stressed_market",1768679925.3331792
1096,1026.4,1026.6,1026.5,0.1999999999998181,"stressed_market",1768679925.3406868
1097,1024.6,1027.6,1026.1,3,"stressed_market",1768679925.3450623
1098,1025.9,1026.3,1026.1,0.3999999999998636,"stressed_market",1768679925.3507175
1099,1025.5,1026.7,1026.1,1.2000000000000455,"stressed_market",1768679925.3577156
1100,1025.5,1026.7,1026.1,1.2000000000000455,"stressed_market",1768679925.3631952
1101,1022.7,1029.5,1026.1,6.7999999999999545,"stressed_market",1768679925.3681996
1102,1025.9,1026.3,1026.1,0.3999999999998636,"stressed_market",1768679925.3735738
1103,1025.9,1026.3,1026.1,0.3999999999998636,"stressed_market",1768679925.37803
1104,1025.5,1026.7,1026.1,1.2000000000000455,"stressed_market",1768679925.3868103
1105,1025,1027.2,1026.1,2.2000000000000455,"stressed_market",1768679925.3923445
1106,1023.2,1029,1026.1,5.7999999999999545,"stressed_market",1768679925.3981228
1107,1024.8,1026.1,1025.4499999999998,1.2999999999999545,"stressed_market",1768679925.405092
1108,1025.4,1025.5,1025.45,0.09999999999990905,"stressed_market",1768679925.4100275
1109,1024.4,1026.5,1025.45,2.099999999999909,"stressed_market",1768679925.4158106
1110,1023.9,1025.5,1024.7,1.6000000000000227,"stressed_market",1768679925.4212356
1111,1024.6,1024.8,1024.6999999999998,0.20000000000004547,"stressed_market",1768679925.4260793
1112,1024.2,1025.2,1024.7,1,"stressed_market",1768679925.4318159
1113,1024.3,1024.7,1024.5,0.40000000000009095,"stressed_market",1768679925.4372904
1114,1024.5,1026.6,1025.55,2.099999999999909,"stressed_market",1768679925.4431489
1115,1025.5,1025.6,1025.55,0.09999999999990905,"stressed_market",1768679925.4469626
1116,1025.5,1025.6,1025.55,0.09999999999990905,"stressed_market",1768679925.4522495
1117,1025.5,1025.6,1025.55,0.09999999999990905,"stressed_market",1768679925.4577062
1118,1025.5,1025.6,1025.55,0.09999999999990905,"stressed_market",1768679925.463221
1119,1025.5,1025.6,1025.55,0.09999999999990905,"stressed_market",1768679925.4684772
1120,1025.5,1026.6,1026.05,1.099999999999909,"stressed_market",1768679925.4740071
1121,1025.8,1026.3,1026.05,0.5,"stressed_market",1768679925.479179
1122,1025.8,1026.3,1026.05,0.5,"stressed_market",1768679925.48286
1123,1022.4,1026.1,1024.25,3.699999999999932,"stressed_market",1768679925.4878185
1124,1022.9,1025.6,1024.25,2.699999999999932,"stressed_market",1768679925.492658
1125,1021.7,1026.1,1023.9,4.399999999999864,"stressed_market",1768679925.4987109
1126,1019.7,1023.9,1021.8,4.199999999999932,"stressed_market",1768679925.5042915
1127,1019.7,1021.8,1020.75,2.099999999999909,"stressed_market",1768679925.510515
1128,1019.7,1021.9,1020.8,2.199999999999932,"stressed_market",1768679925.515406
1129,1020.1,1020.8,1020.45,0.6999999999999318,"stressed_market",1768679925.5191226
1130,1020.4,1020.8,1020.5999999999999,0.39999999999997726,"stressed_market",1768679925.5240004
1131,1019.1,1020.8,1019.95,1.6999999999999318,"stressed_market",1768679925.5288694
1132,1019.6,1020.3,1019.95,0.6999999999999318,"stressed_market",1768679925.5347354
1133,1019.2,1020.7,1019.95,1.5,"stressed_market",1768679925.5414064
1134,1019.8,1020.1,1019.95,0.3000000000000682,"stressed_market",1768679925.544931
1135,1019.8,1020.1,1019.95,0.3000000000000682,"stressed_market",1768679925.5492532
1136,1019.9,1020.3,1020.0999999999999,0.39999999999997726,"stressed_market",1768679925.5549827
1137,1019.9,1022.4,1021.15,2.5,"stressed_market",1768679925.5594366
1138,1021.1,1021.2,1021.1500000000001,0.10000000000002274,"stressed_market",1768679925.5649846
1139,1021.1,1021.2,1021.1500000000001,0.10000000000002274,"stressed_market",1768679925.570275
1140,1021.1,1021.2,1021.1500000000001,0.10000000000002274,"stressed_market",1768679925.5761428
1141,1021.1,1021.2,1021.1500000000001,0.10000000000002274,"stressed_market",1768679925.5814826
1142,1021.1,1021.3,1021.2,0.1999999999999318,"stressed_market",1768679925.587675
1143,1021.1,1021.6,1021.35,0.5,"stressed_market",1768679925.5928314
1144,1020.4,1021.4,1020.9,1,"stressed_market",1768679925.5981455
1145,1020,1020.9,1020.45,0.8999999999999773,"stressed_market",1768679925.6030715
1146,1020.4,1021.4,1020.9,1,"stressed_market",1768679925.6088853
1147,1020.4,1021.4,1020.9,1,"stressed_market",1768679925.613217
1148,1020.4,1020.9,1020.65,0.5,"stressed_market",1768679925.619253
1149,1020.4,1021.4,1020.9,1,"stressed_market",1768679925.6260123
1150,1020.4,1021.4,1020.9,1,"stressed_market",1768679925.6307971
1151,1020.4,1022.2,1021.3,1.8000000000000682,"stressed_market",1768679925.635047
1152,1021,1021.6,1021.3,0.6000000000000227,"stressed_market",1768679925.6404607
1153,1021,1021.6,1021.3,0.6000000000000227,"stressed_market",1768679925.6469455
1154,1020.8,1021.3,1021.05,0.5,"stressed_market",1768679925.651439
1155,1021,1021.1,1021.05,0.10000000000002274,"stressed_market",1768679925.6560493
1156,1021,1021.1,1021.05,0.10000000000002274,"stressed_market",1768679925.6598656
1157,1021,1021.1,1021.05,0.10000000000002274,"stressed_market",1768679925.6658103
1158,1021,1021.1,1021.05,0.10000000000002274,"stressed_market",1768679925.6701105
1159,1021,1021.1,1021.05,0.10000000000002274,"stressed_market",1768679925.6749396
1160,1021,1022,1021.5,1,"stressed_market",1768679925.6804752
1161,1021,1022.5,1021.75,1.5,"stressed_market",1768679925.685389
1162,1019.3,1024.2,1021.75,4.900000000000091,"stressed_market",1768679925.6916852
1163,1019.8,1023.7,1021.75,3.900000000000091,"stressed_market",1768679925.6961384
1164,1020.6,1022.9,1021.75,2.2999999999999545,"stressed_market",1768679925.7014542
1165,1020.6,1022.9,1021.75,2.2999999999999545,"stressed_market",1768679925.7073488
1166,1020.7,1022.8,1021.75,2.099999999999909,"stressed_market",1768679925.7102222
1167,1020.3,1023.2,1021.75,2.900000000000091,"stressed_market",1768679925.716107
1168,1021.6,1021.8,1021.7,0.1999999999999318,"stressed_market",1768679925.722676
1169,1021.7,1021.8,1021.75,0.09999999999990905,"stressed_market",1768679925.7291038
1170,1021.7,1021.8,1021.75,0.09999999999990905,"stressed_market",1768679925.738382
1171,1021.7,1021.8,1021.75,0.09999999999990905,"stressed_market",1768679925.7447412
1172,1021.2,1021.8,1021.5,0.599999999999909,"stressed_market",1768679925.752679
1173,1021.4,1021.6,1021.5,0.20000000000004547,"stressed_market",1768679925.7643423
1174,1021.1,1021.9,1021.5,0.7999999999999545,"stressed_market",1768679925.776197
1175,1021.1,1021.9,1021.5,0.7999999999999545,"stressed_market",1768679925.7841816
1176,1020.5,1022.5,1021.5,2,"stressed_market",1768679925.7964146
1177,1021.3,1021.7,1021.5,0.40000000000009095,"stressed_market",1768679925.8095748
1178,1020.8,1022.2,1021.5,1.400000000000091,"stressed_market",1768679925.8149111
1179,1020.4,1022.6,1021.5,2.2000000000000455,"stressed_market",1768679925.8202465
1180,1021.4,1021.6,1021.5,0.20000000000004547,"stressed_market",1768679925.8275366
1181,1021.5,1021.6,1021.55,0.10000000000002274,"stressed_market",1768679925.8353102
1182,1021.5,1021.6,1021.55,0.10000000000002274,"stressed_market",1768679925.8422568
1183,1021,1021.6,1021.3,0.6000000000000227,"stressed_market",1768679925.8496768
1184,1021,1021.6,1021.3,0.6000000000000227,"stressed_market",1768679925.856663
1185,1019.7,1021.6,1020.6500000000001,1.8999999999999773,"stressed_market",1768679925.8642256
1186,1020.4,1020.9,1020.65,0.5,"stressed_market",1768679925.8725874
1187,1020.6,1021,1020.8,0.39999999999997726,"stressed_market",1768679925.878775
1188,1020.4,1021,1020.7,0.6000000000000227,"stressed_market",1768679925.886389
1189,1020.3,1021,1020.65,0.7000000000000455,"stressed_market",1768679925.893913
1190,1019.6,1020.7,1020.1500000000001,1.1000000000000227,"stressed_market",1768679925.9003382
1191,1019.6,1020.8,1020.2,1.1999999999999318,"stressed_market",1768679925.9074235
1192,1020.2,1023.4,1021.8,3.199999999999932,"stressed_market",1768679925.9150674
1193,1021.3,1022.3,1021.8,1,"stressed_market",1768679925.9224308
1194,1018.1,1025.5,1021.8,7.399999999999977,"stressed_market",1768679925.9297297
1195,1021,1021.8,1021.4,0.7999999999999545,"stressed_market",1768679925.9373097
1196,1021,1021.8,1021.4,0.7999999999999545,"stressed_market",1768679925.944036
1197,1018.6,1021.8,1020.2,3.199999999999932,"stressed_market",1768679925.9500802
1198,1018.5,1020.2,1019.35,1.7000000000000455,"stressed_market",1768679925.9567194
1199,1018.1,1019.4,1018.75,1.2999999999999545,"stressed_market",1768679925.9650342
1200,1015.4,1019.4,1017.4,4,"stressed_market",1768679925.9723942
1201,1015.8,1019,1017.4,3.2000000000000455,"stressed_market",1768679925.9782786
1202,1017.1,1017.4,1017.25,0.2999999999999545,"stressed_market",1768679925.9853563
1203,1015.6,1017.4,1016.5,1.7999999999999545,"stressed_market",1768679925.9903164
1204,1015.4,1017.4,1016.4,2,"stressed_market",1768679925.995912
1205,1016.4,1017,1016.7,0.6000000000000227,"stressed_market",1768679926.0020509
1206,1016.4,1017,1016.7,0.6000000000000227,"stressed_market",1768679926.0081844
1207,1016.4,1017,1016.7,0.6000000000000227,"stressed_market",1768679926.0113227
1208,1016.4,1017,1016.7,0.6000000000000227,"stressed_market",1768679926.014604
1209,1015.9,1017,1016.45,1.1000000000000227,"stressed_market",1768679926.0204349
1210,1015.8,1017,1016.4,1.2000000000000455,"stressed_market",1768679926.0254626
1211,1016.3,1016.5,1016.4,0.20000000000004547,"stressed_market",1768679926.030203
1212,1016.3,1016.5,1016.4,0.20000000000004547,"stressed_market",1768679926.036348
1213,1015.5,1017.3,1016.4,1.7999999999999545,"stressed_market",1768679926.0420074
1214,1015.1,1017.7,1016.4000000000001,2.6000000000000227,"stressed_market",1768679926.047935
1215,1012.6,1020.2,1016.4000000000001,7.600000000000023,"stressed_market",1768679926.0531971
1216,1013.8,1019,1016.4,5.2000000000000455,"stressed_market",1768679926.0589774
1217,1015.6,1016.4,1016,0.7999999999999545,"stressed_market",1768679926.0650618
1218,1014.9,1017.1,1016,2.2000000000000455,"stressed_market",1768679926.0697186
1219,1014.9,1017.1,1016,2.2000000000000455,"stressed_market",1768679926.07448
1220,1015,1017,1016,2,"stressed_market",1768679926.0801978
1221,1015,1017,1016,2,"stressed_market",1768679926.0842764
1222,1013,1019,1016,6,"stressed_market",1768679926.090741
1223,1015.9,1016.1,1016,0.20000000000004547,"stressed_market",1768679926.09508
1224,1014.9,1017.1,1016,2.2000000000000455,"stressed_market",1768679926.0983086
1225,1014.9,1017.1,1016,2.2000000000000455,"stressed_market",1768679926.1044824
1226,1015.7,1016.3,1016,0.599999999999909,"stressed_market",1768679926.1093197
1227,1015.7,1016.3,1016,0.599999999999909,"stressed_market",1768679926.1160903
1228,1014.2,1017.8,1016,3.599999999999909,"stressed_market",1768679926.1206148
1229,1015,1017,1016,2,"stressed_market",1768679926.1247864
1230,1015.3,1016.7,1016,1.400000000000091,"stressed_market",1768679926.1307292
1231,1014.8,1017.2,1016,2.400000000000091,"stressed_market",1768679926.1366146
1232,1014.7,1017.3,1016,2.599999999999909,"stressed_market",1768679926.1420867
1233,1015.4,1016.6,1016,1.2000000000000455,"stressed_market",1768679926.1479037
1234,1015.4,1016.6,1016,1.2000000000000455,"stressed_market",1768679926.1552882
1235,1015.4,1016.6,1016,1.2000000000000455,"stressed_market",1768679926.1599655
1236,1015.5,1016.5,1016,1,"stressed_market",1768679926.1672006
1237,1015,1017,1016,2,"stressed_market",1768679926.1740348
1238,1013.6,1016,1014.8,2.3999999999999773,"stressed_market",1768679926.1785731
1239,1012.7,1014.8,1013.75,2.099999999999909,"stressed_market",1768679926.186434
1240,1012.7,1013.8,1013.25,1.099999999999909,"stressed_market",1768679926.1931922
1241,1012.1,1013.8,1012.95,1.6999999999999318,"stressed_market",1768679926.1980944
1242,1012.4,1013.5,1012.95,1.1000000000000227,"stressed_market",1768679926.203457
1243,1012.8,1013.1,1012.95,0.3000000000000682,"stressed_market",1768679926.2109256
1244,1011.7,1013,1012.35,1.2999999999999545,"stressed_market",1768679926.214545
1245,1011.8,1012.9,1012.3499999999999,1.1000000000000227,"stressed_market",1768679926.2188482
1246,1012.3,1012.9,1012.5999999999999,0.6000000000000227,"stressed_market",1768679926.224238
1247,1012.3,1012.9,1012.5999999999999,0.6000000000000227,"stressed_market",1768679926.231971
1248,1012.5,1012.7,1012.6,0.20000000000004547,"stressed_market",1768679926.2384458
1249,1012.6,1012.7,1012.6500000000001,0.10000000000002274,"stressed_market",1768679926.2461972
1250,1012.6,1012.7,1012.6500000000001,0.10000000000002274,"stressed_market",1768679926.250284
1251,1012.6,1012.8,1012.7,0.1999999999999318,"stressed_market",1768679926.2547805
1252,1012.6,1013.4,1013,0.7999999999999545,"stressed_market",1768679926.2579482
1253,1013,1014.8,1013.9,1.7999999999999545,"stressed_market",1768679926.261753
1254,1013.1,1014.7,1013.9000000000001,1.6000000000000227,"stressed_market",1768679926.2646444
1255,1013.7,1014.1,1013.9000000000001,0.39999999999997726,"stressed_market",1768679926.2721055
1256,1013.9,1014,1013.95,0.10000000000002274,"stressed_market",1768679926.2770736
1257,1013.9,1014,1013.95,0.10000000000002274,"stressed_market",1768679926.2818074
1258,1013.9,1014,1013.95,0.10000000000002274,"stressed_market",1768679926.286943
1259,1013.9,1014,1013.95,0.10000000000002274,"stressed_market",1768679926.2920825
1260,1013.9,1014,1013.95,0.10000000000002274,"stressed_market",1768679926.2959824
1261,1013.8,1014,1013.9,0.20000000000004547,"stressed_market",1768679926.3035853
1262,1011.8,1014,1012.9,2.2000000000000455,"stressed_market",1768679926.3116944
1263,1011.8,1014,1012.9,2.2000000000000455,"stressed_market",1768679926.3171306
1264,1011.8,1014,1012.9,2.2000000000000455,"stressed_market",1768679926.325355
1265,1012.9,1014,1013.45,1.1000000000000227,"stressed_market",1768679926.3323681
1266,1012.9,1016.2,1014.55,3.300000000000068,"stressed_market",1768679926.3375998
1267,1014.5,1014.6,1014.55,0.10000000000002274,"stressed_market",1768679926.342429
1268,1013.8,1014.6,1014.2,0.8000000000000682,"stressed_market",1768679926.347382
1269,1012.9,1014.6,1013.75,1.7000000000000455,"stressed_market",1768679926.354519
1270,1012.9,1014.9,1013.9,2,"stressed_market",1768679926.3623433
1271,1012.9,1016.5,1014.7,3.6000000000000227,"stressed_market",1768679926.3664577
1272,1013.8,1015.6,1014.7,1.8000000000000682,"stressed_market",1768679926.372377
1273,1013.2,1016.2,1014.7,3,"stressed_market",1768679926.3778408
1274,1012.1,1017.3,1014.7,5.199999999999932,"stressed_market",1768679926.3836768
1275,1014.3,1015.1,1014.7,0.8000000000000682,"stressed_market",1768679926.388366
1276,1013,1016.4,1014.7,3.3999999999999773,"stressed_market",1768679926.3961842
1277,1014.6,1014.8,1014.7,0.1999999999999318,"stressed_market",1768679926.4003386
1278,1013.5,1015.9,1014.7,2.3999999999999773,"stressed_market",1768679926.4066038
